<?xml version="1.0" encoding="UTF-8"?>
<!DOCTYPE html PUBLIC "-//W3C//DTD XHTML 1.0 Transitional//EN"
    "http://www.w3.org/TR/xhtml1/DTD/xhtml1-transitional.dtd">
<html xmlns="http://www.w3.org/1999/xhtml" xml:lang="en" lang="en">
 <head>
  <title>
</title>
<meta http-equiv="Content-Type" content="text/html;charset=utf-8" />
  <meta name='ocr-system' content='tesseract 3.04.00' />
  <meta name='ocr-capabilities' content='ocr_page ocr_carea ocr_par ocr_line ocrx_word'/>
</head>
<body>
  <div class='ocr_page' id='page_1' title='image "./cplinisecundina08plingoog_0089.png"; bbox 0 0 2888 4794; ppageno 0'>
   <div class='ocr_carea' id='block_1_1' title="bbox 194 299 852 346">
    <p class='ocr_par' dir='ltr' id='par_1_1' title="bbox 194 299 852 346">
     <span class='ocr_line' id='line_1_1' title="bbox 194 299 852 346; baseline -0.008 0"><span class='ocrx_word' id='word_1_1' title='bbox 194 304 248 346; x_wconf 80' lang='lat' dir='ltr'><strong>mv</strong></span> <span class='ocrx_word' id='word_1_2' title='bbox 662 299 852 343; x_wconf 64' lang='lat' dir='ltr'><strong>palarmo.</strong></span> 
     </span>
    </p>
   </div>
   <div class='ocr_carea' id='block_1_2' title="bbox 192 452 1321 1088">
    <p class='ocr_par' dir='ltr' id='par_1_2' title="bbox 192 452 1321 1088">
     <span class='ocr_line' id='line_1_2' title="bbox 194 452 1320 534; baseline -0.004 -16"><span class='ocrx_word' id='word_1_3' title='bbox 194 464 284 534; x_wconf 88' lang='lat' dir='ltr'><strong>caput</strong></span> <span class='ocrx_word' id='word_1_4' title='bbox 304 473 340 514; x_wconf 88' lang='lat' dir='ltr'><strong>ea</strong></span> <span class='ocrx_word' id='word_1_5' title='bbox 359 455 395 515; x_wconf 92' lang='lat' dir='ltr'><strong>de</strong></span> <span class='ocrx_word' id='word_1_6' title='bbox 415 472 506 514; x_wconf 88' lang='lat' dir='ltr'><strong>causa</strong></span> <span class='ocrx_word' id='word_1_7' title='bbox 523 454 689 514; x_wconf 78' lang='lat' dir='ltr'><strong>accuratius</strong></span> <span class='ocrx_word' id='word_1_8' title='bbox 703 452 892 531; x_wconf 72' lang='lat' dir='ltr'><strong>pertractavi,</strong></span> <span class='ocrx_word' id='word_1_9' title='bbox 912 452 983 528; x_wconf 89' lang='lat' dir='ltr'><strong>quia</strong></span> <span class='ocrx_word' id='word_1_10' title='bbox 1002 452 1164 513; x_wconf 87' lang='lat' dir='ltr'><strong>certissime</strong></span> <span class='ocrx_word' id='word_1_11' title='bbox 1182 454 1251 512; x_wconf 89' lang='lat' dir='ltr'><strong>inde</strong></span> <span class='ocrx_word' id='word_1_12' title='bbox 1270 455 1320 514; x_wconf 88' lang='lat' dir='ltr'><strong>iu-</strong></span> 
     </span>
     <span class='ocr_line' id='line_1_3' title="bbox 194 560 1321 643; baseline -0.002 -18"><span class='ocrx_word' id='word_1_13' title='bbox 194 567 288 626; x_wconf 84' lang='lat' dir='ltr'><strong>dicari</strong></span> <span class='ocrx_word' id='word_1_14' title='bbox 306 571 412 643; x_wconf 86' lang='lat' dir='ltr'><strong>potest,</strong></span> <span class='ocrx_word' id='word_1_15' title='bbox 434 582 494 640; x_wconf 90' lang='lat' dir='ltr'><strong>quo</strong></span> <span class='ocrx_word' id='word_1_16' title='bbox 513 572 593 623; x_wconf 88' lang='lat' dir='ltr'><strong>statu</strong></span> <span class='ocrx_word' id='word_1_17' title='bbox 614 565 681 623; x_wconf 89' lang='lat' dir='ltr'><strong>libri</strong></span> <span class='ocrx_word' id='word_1_18' title='bbox 699 564 819 640; x_wconf 82' lang='lat' dir='ltr'><strong>triginta</strong></span> <span class='ocrx_word' id='word_1_19' title='bbox 839 563 953 640; x_wconf 90' lang='lat' dir='ltr'><strong>priores</strong></span> <span class='ocrx_word' id='word_1_20' title='bbox 973 560 1055 641; x_wconf 88' lang='lat' dir='ltr'><strong>(nam</strong></span> <span class='ocrx_word' id='word_1_21' title='bbox 1068 561 1178 621; x_wconf 88' lang='lat' dir='ltr'><strong>librum</strong></span> <span class='ocrx_word' id='word_1_22' title='bbox 1191 562 1321 639; x_wconf 77' lang='lat' dir='ltr'><strong>prImum</strong></span> 
     </span>
     <span class='ocr_line' id='line_1_4' title="bbox 194 667 1320 754; baseline -0.002 -19"><span class='ocrx_word' id='word_1_23' title='bbox 194 677 291 736; x_wconf 89' lang='lat' dir='ltr'><strong>minus</strong></span> <span class='ocrx_word' id='word_1_24' title='bbox 310 678 366 735; x_wconf 82' lang='lat' dir='ltr'><strong>lr&#39;oc</strong></span> <span class='ocrx_word' id='word_1_25' title='bbox 386 676 451 734; x_wconf 88' lang='lat' dir='ltr'><strong>loco</strong></span> <span class='ocrx_word' id='word_1_26' title='bbox 470 674 501 733; x_wconf 92' lang='lat' dir='ltr'><strong>in</strong></span> <span class='ocrx_word' id='word_1_27' title='bbox 522 692 642 735; x_wconf 90' lang='lat' dir='ltr'><strong>censum</strong></span> <span class='ocrx_word' id='word_1_28' title='bbox 662 674 763 733; x_wconf 87' lang='lat' dir='ltr'><strong>venire</strong></span> <span class='ocrx_word' id='word_1_29' title='bbox 780 667 971 754; x_wconf 77' lang='lat' dir='ltr'><strong>intelligitur)</strong></span> <span class='ocrx_word' id='word_1_30' title='bbox 990 672 1028 732; x_wconf 91' lang='lat' dir='ltr'><strong>ad</strong></span> <span class='ocrx_word' id='word_1_31' title='bbox 1047 690 1102 732; x_wconf 88' lang='lat' dir='ltr'><strong>nos</strong></span> <span class='ocrx_word' id='word_1_32' title='bbox 1109 675 1320 750; x_wconf 84' lang='lat' dir='ltr'><strong>pervenerint,</strong></span> 
     </span>
     <span class='ocr_line' id='line_1_5' title="bbox 193 781 1321 859; baseline -0.001 -13"><span class='ocrx_word' id='word_1_33' title='bbox 193 787 245 846; x_wconf 92' lang='lat' dir='ltr'><strong>ubi</strong></span> <span class='ocrx_word' id='word_1_34' title='bbox 263 786 323 845; x_wconf 90' lang='lat' dir='ltr'><strong>tale</strong></span> <span class='ocrx_word' id='word_1_35' title='bbox 341 785 506 844; x_wconf 80' lang='lat' dir='ltr'><strong>subsidium</strong></span> <span class='ocrx_word' id='word_1_36' title='bbox 525 785 744 856; x_wconf 79' lang='lat' dir='ltr'><strong>emendationis,</strong></span> <span class='ocrx_word' id='word_1_37' title='bbox 767 783 855 859; x_wconf 90' lang='lat' dir='ltr'><strong>quale</strong></span> <span class='ocrx_word' id='word_1_38' title='bbox 874 790 919 842; x_wconf 85' lang='lat' dir='ltr'><strong>est</strong></span> <span class='ocrx_word' id='word_1_39' title='bbox 937 781 975 855; x_wconf 93' lang='lat' dir='ltr'><strong>B,</strong></span> <span class='ocrx_word' id='word_1_40' title='bbox 1000 801 1060 842; x_wconf 92' lang='lat' dir='ltr'><strong>non</strong></span> <span class='ocrx_word' id='word_1_41' title='bbox 1079 783 1173 842; x_wconf 88' lang='lat' dir='ltr'><strong>adest.</strong></span> <span class='ocrx_word' id='word_1_42' title='bbox 1205 783 1321 845; x_wconf 85' lang='lat' dir='ltr'><strong>Multas</strong></span> 
     </span>
     <span class='ocr_line' id='line_1_6' title="bbox 192 892 1321 974; baseline -0.003 -18"><span class='ocrx_word' id='word_1_43' title='bbox 192 897 281 956; x_wconf 89' lang='lat' dir='ltr'><strong>etiam</strong></span> <span class='ocrx_word' id='word_1_44' title='bbox 300 916 353 974; x_wconf 89' lang='lat' dir='ltr'><strong>per</strong></span> <span class='ocrx_word' id='word_1_45' title='bbox 372 895 427 955; x_wconf 90' lang='lat' dir='ltr'><strong>hos</strong></span> <span class='ocrx_word' id='word_1_46' title='bbox 444 896 535 954; x_wconf 90' lang='lat' dir='ltr'><strong>libres</strong></span> <span class='ocrx_word' id='word_1_47' title='bbox 549 896 671 955; x_wconf 87' lang='lat' dir='ltr'><strong>lacunas</strong></span> <span class='ocrx_word' id='word_1_48' title='bbox 684 894 716 953; x_wconf 91' lang='lat' dir='ltr'><strong>in</strong></span> <span class='ocrx_word' id='word_1_49' title='bbox 737 894 863 954; x_wconf 84' lang='lat' dir='ltr'><strong>diversis</strong></span> <span class='ocrx_word' id='word_1_50' title='bbox 877 892 1023 952; x_wconf 85' lang='lat' dir='ltr'><strong>codicibus</strong></span> <span class='ocrx_word' id='word_1_51' title='bbox 1037 900 1157 951; x_wconf 88' lang='lat' dir='ltr'><strong>exstare</strong></span> <span class='ocrx_word' id='word_1_52' title='bbox 1171 900 1202 952; x_wconf 92' lang='lat' dir='ltr'><strong>et</strong></span> <span class='ocrx_word' id='word_1_53' title='bbox 1215 893 1321 973; x_wconf 82' lang='lat' dir='ltr'><strong>vulga·</strong></span> 
     </span>
     <span class='ocr_line' id='line_1_7' title="bbox 192 1002 1321 1088; baseline -0.003 -22"><span class='ocrx_word' id='word_1_54' title='bbox 192 1014 253 1066; x_wconf 83' lang='lat' dir='ltr'><strong>tam</strong></span> <span class='ocrx_word' id='word_1_55' title='bbox 270 1002 287 1088; x_wconf 86' lang='grc' dir='ltr'>β</span> <span class='ocrx_word' id='word_1_56' title='bbox 301 1005 349 1066; x_wconf 90' lang='lat' dir='ltr'><strong>hic</strong></span> <span class='ocrx_word' id='word_1_57' title='bbox 362 1008 480 1082; x_wconf 88' lang='lat' dir='ltr'><strong>quoque</strong></span> <span class='ocrx_word' id='word_1_58' title='bbox 492 1004 572 1063; x_wconf 90' lang='lat' dir='ltr'><strong>haud</strong></span> <span class='ocrx_word' id='word_1_59' title='bbox 586 1024 655 1064; x_wconf 90' lang='lat' dir='ltr'><strong>raro</strong></span> <span class='ocrx_word' id='word_1_60' title='bbox 669 1003 830 1082; x_wconf 91' lang='lat' dir='ltr'><strong>pleniorem</strong></span> <span class='ocrx_word' id='word_1_61' title='bbox 844 1022 909 1063; x_wconf 86' lang='lat' dir='ltr'><strong>esse</strong></span> <span class='ocrx_word' id='word_1_62' title='bbox 923 1021 1013 1079; x_wconf 89' lang='lat' dir='ltr'><strong>qnam</strong></span> <span class='ocrx_word' id='word_1_63' title='bbox 1027 1002 1076 1062; x_wconf 87' lang='lat' dir='ltr'><strong>vel</strong></span> <span class='ocrx_word' id='word_1_64' title='bbox 1096 1003 1190 1063; x_wconf 92' lang='lat' dir='ltr'><strong>bonos</strong></span> <span class='ocrx_word' id='word_1_65' title='bbox 1205 1004 1321 1064; x_wconf 87' lang='lat' dir='ltr'><strong>codices</strong></span> 
     </span>
    </p>
   </div>
   <div class='ocr_carea' id='block_1_3' title="bbox 192 1113 1437 1192">
    <p class='ocr_par' dir='ltr' id='par_1_3' title="bbox 192 1113 1437 1192">
     <span class='ocr_line' id='line_1_8' title="bbox 192 1113 1437 1192; baseline -0.002 -16"><span class='ocrx_word' id='word_1_66' title='bbox 192 1134 293 1176; x_wconf 88' lang='lat' dir='ltr'><strong>omnes</strong></span> <span class='ocrx_word' id='word_1_67' title='bbox 307 1122 360 1175; x_wconf 91' lang='lat' dir='ltr'><strong>aut</strong></span> <span class='ocrx_word' id='word_1_68' title='bbox 374 1122 452 1175; x_wconf 90' lang='lat' dir='ltr'><strong>certe</strong></span> <span class='ocrx_word' id='word_1_69' title='bbox 466 1114 597 1192; x_wconf 88' lang='lat' dir='ltr'><strong>singulos</strong></span> <span class='ocrx_word' id='word_1_70' title='bbox 611 1115 837 1174; x_wconf 86' lang='lat' dir='ltr'><strong>commentarius</strong></span> <span class='ocrx_word' id='word_1_71' title='bbox 851 1119 952 1172; x_wconf 85' lang='lat' dir='ltr'><strong>noster</strong></span> <span class='ocrx_word' id='word_1_72' title='bbox 966 1113 1066 1185; x_wconf 89' lang='lat' dir='ltr'><strong>docet;</strong></span> <span class='ocrx_word' id='word_1_73' title='bbox 1086 1119 1119 1171; x_wconf 89' lang='lat' dir='ltr'><strong>at</strong></span> <span class='ocrx_word' id='word_1_74' title='bbox 1136 1113 1231 1173; x_wconf 90' lang='lat' dir='ltr'><strong>multo</strong></span> <span class='ocrx_word' id='word_1_75' title='bbox 1249 1114 1321 1191; x_wconf 90' lang='lat' dir='ltr'><strong>plu·</strong></span> <span class='ocrx_word' id='word_1_76' title='bbox 1430 1127 1437 1137; x_wconf 73' lang='lat'><strong><em>‘</em></strong></span> 
     </span>
    </p>
   </div>
   <div class='ocr_carea' id='block_1_4' title="bbox 191 1221 1385 1853">
    <p class='ocr_par' dir='ltr' id='par_1_4' title="bbox 191 1221 1321 1743">
     <span class='ocr_line' id='line_1_9' title="bbox 191 1221 1320 1301; baseline -0.004 -15"><span class='ocrx_word' id='word_1_77' title='bbox 191 1245 240 1286; x_wconf 90' lang='lat' dir='ltr'><strong>res</strong></span> <span class='ocrx_word' id='word_1_78' title='bbox 264 1226 356 1284; x_wconf 86' lang='lat' dir='ltr'><strong>latere</strong></span> <span class='ocrx_word' id='word_1_79' title='bbox 381 1232 412 1283; x_wconf 92' lang='lat' dir='ltr'><strong>et</strong></span> <span class='ocrx_word' id='word_1_80' title='bbox 434 1232 488 1283; x_wconf 89' lang='lat' dir='ltr'><strong>aut</strong></span> <span class='ocrx_word' id='word_1_81' title='bbox 510 1242 634 1301; x_wconf 91' lang='lat' dir='ltr'><strong>prorsus</strong></span> <span class='ocrx_word' id='word_1_82' title='bbox 659 1242 719 1283; x_wconf 91' lang='lat' dir='ltr'><strong>non</strong></span> <span class='ocrx_word' id='word_1_83' title='bbox 741 1224 839 1301; x_wconf 89' lang='lat' dir='ltr'><strong>detegi</strong></span> <span class='ocrx_word' id='word_1_84' title='bbox 859 1240 955 1300; x_wconf 91' lang='lat' dir='ltr'><strong>posse,</strong></span> <span class='ocrx_word' id='word_1_85' title='bbox 982 1222 1052 1297; x_wconf 90' lang='lat' dir='ltr'><strong>quia</strong></span> <span class='ocrx_word' id='word_1_86' title='bbox 1076 1221 1193 1280; x_wconf 90' lang='lat' dir='ltr'><strong>nullum</strong></span> <span class='ocrx_word' id='word_1_87' title='bbox 1218 1240 1320 1282; x_wconf 88' lang='lat' dir='ltr'><strong>earum</strong></span> 
     </span>
     <span class='ocr_line' id='line_1_10' title="bbox 193 1330 1321 1412; baseline -0.002 -18"><span class='ocrx_word' id='word_1_88' title='bbox 193 1335 353 1412; x_wconf 87' lang='lat' dir='ltr'><strong>vestigium</strong></span> <span class='ocrx_word' id='word_1_89' title='bbox 373 1339 480 1406; x_wconf 87' lang='lat' dir='ltr'><strong>exstat,</strong></span> <span class='ocrx_word' id='word_1_90' title='bbox 502 1340 555 1393; x_wconf 84' lang='lat' dir='ltr'><strong>aut</strong></span> <span class='ocrx_word' id='word_1_91' title='bbox 571 1342 692 1412; x_wconf 90' lang='lat' dir='ltr'><strong>propter</strong></span> <span class='ocrx_word' id='word_1_92' title='bbox 709 1333 960 1412; x_wconf 69' lang='lat' dir='ltr'><strong>interpolationes,</strong></span> <span class='ocrx_word' id='word_1_93' title='bbox 986 1330 1094 1407; x_wconf 91' lang='lat' dir='ltr'><strong>quibus</strong></span> <span class='ocrx_word' id='word_1_94' title='bbox 1118 1331 1231 1392; x_wconf 76' lang='lat' dir='ltr'><strong>librarii</strong></span> <span class='ocrx_word' id='word_1_95' title='bbox 1254 1332 1321 1392; x_wconf 84' lang='lat' dir='ltr'><strong>tali-</strong></span> 
     </span>
     <span class='ocr_line' id='line_1_11' title="bbox 193 1441 1320 1523; baseline -0.002 -19"><span class='ocrx_word' id='word_1_96' title='bbox 193 1446 248 1504; x_wconf 91' lang='lat' dir='ltr'><strong>bus</strong></span> <span class='ocrx_word' id='word_1_97' title='bbox 269 1444 341 1502; x_wconf 89' lang='lat' dir='ltr'><strong>locis</strong></span> <span class='ocrx_word' id='word_1_98' title='bbox 359 1444 508 1523; x_wconf 71' lang='lat' dir='ltr'><strong>hiantibus</strong></span> <span class='ocrx_word' id='word_1_99' title='bbox 528 1447 756 1516; x_wconf 82' lang='lat' dir='ltr'><strong>succurrebant,</strong></span> <span class='ocrx_word' id='word_1_100' title='bbox 784 1443 816 1502; x_wconf 94' lang='lat' dir='ltr'><strong>id</strong></span> <span class='ocrx_word' id='word_1_101' title='bbox 837 1442 925 1502; x_wconf 91' lang='lat' dir='ltr'><strong>modo</strong></span> <span class='ocrx_word' id='word_1_102' title='bbox 944 1461 997 1519; x_wconf 92' lang='lat' dir='ltr'><strong>per</strong></span> <span class='ocrx_word' id='word_1_103' title='bbox 1018 1443 1216 1502; x_wconf 88' lang='lat' dir='ltr'><strong>coniecturam</strong></span> <span class='ocrx_word' id='word_1_104' title='bbox 1231 1441 1320 1515; x_wconf 75' lang='lat' dir='ltr'><strong>effici,</strong></span> 
     </span>
     <span class='ocr_line' id='line_1_12' title="bbox 192 1553 1320 1633; baseline -0.003 -19"><span class='ocrx_word' id='word_1_105' title='bbox 192 1562 227 1614; x_wconf 90' lang='lat' dir='ltr'><strong>ut</strong></span> <span class='ocrx_word' id='word_1_106' title='bbox 245 1553 377 1613; x_wconf 86' lang='lat' dir='ltr'><strong>Plinium</strong></span> <span class='ocrx_word' id='word_1_107' title='bbox 396 1554 508 1630; x_wconf 89' lang='lat' dir='ltr'><strong>aliquid</strong></span> <span class='ocrx_word' id='word_1_108' title='bbox 528 1554 680 1633; x_wconf 80' lang='lat' dir='ltr'><strong>scripsisse</strong></span> <span class='ocrx_word' id='word_1_109' title='bbox 704 1554 845 1628; x_wconf 85' lang='lat' dir='ltr'><strong>sciamus,</strong></span> <span class='ocrx_word' id='word_1_110' title='bbox 871 1555 952 1629; x_wconf 87' lang='lat' dir='ltr'><strong>quod</strong></span> <span class='ocrx_word' id='word_1_111' title='bbox 976 1571 1036 1612; x_wconf 89' lang='lat' dir='ltr'><strong>non</strong></span> <span class='ocrx_word' id='word_1_112' title='bbox 1059 1553 1186 1630; x_wconf 90' lang='lat' dir='ltr'><strong>amplius</strong></span> <span class='ocrx_word' id='word_1_113' title='bbox 1211 1558 1320 1626; x_wconf 82' lang='lat' dir='ltr'><strong>exstat,</strong></span> 
     </span>
     <span class='ocr_line' id='line_1_13' title="bbox 192 1654 1321 1743; baseline -0.001 -20"><span class='ocrx_word' id='word_1_114' title='bbox 192 1664 262 1742; x_wconf 90' lang='lat' dir='ltr'><strong>quid</strong></span> <span class='ocrx_word' id='word_1_115' title='bbox 277 1664 425 1743; x_wconf 70' lang='lat' dir='ltr'><strong>scripserit</strong></span> <span class='ocrx_word' id='word_1_116' title='bbox 438 1665 615 1738; x_wconf 87' lang='lat' dir='ltr'><strong>nesciamus,</strong></span> <span class='ocrx_word' id='word_1_117' title='bbox 635 1664 667 1723; x_wconf 91' lang='lat' dir='ltr'><strong>id</strong></span> <span class='ocrx_word' id='word_1_118' title='bbox 687 1683 753 1724; x_wconf 92' lang='lat' dir='ltr'><strong>curn</strong></span> <span class='ocrx_word' id='word_1_119' title='bbox 772 1683 825 1742; x_wconf 91' lang='lat' dir='ltr'><strong>per</strong></span> <span class='ocrx_word' id='word_1_120' title='bbox 844 1681 876 1722; x_wconf 90' lang='grc'><strong>00</strong></span> <span class='ocrx_word' id='word_1_121' title='bbox 894 1670 956 1722; x_wconf 86' lang='lat' dir='ltr'><strong>tam</strong></span> <span class='ocrx_word' id='word_1_122' title='bbox 968 1662 1121 1741; x_wconf 87' lang='lat' dir='ltr'><strong>probabile</strong></span> <span class='ocrx_word' id='word_1_123' title='bbox 1135 1663 1183 1736; x_wconf 89' lang='lat' dir='ltr'><strong>sit,</strong></span> <span class='ocrx_word' id='word_1_124' title='bbox 1204 1668 1240 1722; x_wconf 93' lang='lat' dir='ltr'><strong>ut</strong></span> <span class='ocrx_word' id='word_1_125' title='bbox 1252 1654 1321 1740; x_wconf 74' lang='lat' dir='ltr'><strong>pro·&#39;</strong></span> 
     </span>
    </p>

    <p class='ocr_par' dir='ltr' id='par_1_5' title="bbox 192 1744 1385 1853">
     <span class='ocr_line' id='line_1_14' title="bbox 192 1744 1385 1853; baseline -0.001 -20"><span class='ocrx_word' id='word_1_126' title='bbox 192 1775 350 1852; x_wconf 90' lang='lat' dir='ltr'><strong>pemodum</strong></span> <span class='ocrx_word' id='word_1_127' title='bbox 364 1775 589 1834; x_wconf 89' lang='lat' dir='ltr'><strong>certum·dicere</strong></span> <span class='ocrx_word' id='word_1_128' title='bbox 601 1775 708 1853; x_wconf 90' lang='lat' dir='ltr'><strong>possis,</strong></span> <span class='ocrx_word' id='word_1_129' title='bbox 723 1783 787 1833; x_wconf 87' lang='lat' dir='ltr'><strong>tum</strong></span> <span class='ocrx_word' id='word_1_130' title='bbox 800 1772 1103 1851; x_wconf 86' lang='lat' dir='ltr'><strong>Pseudo-Appuleius</strong></span> <span class='ocrx_word' id='word_1_131' title='bbox 1117 1771 1321 1833; x_wconf 83' lang='lat' dir='ltr'><strong>Salmasianus</strong></span> <span class='ocrx_word' id='word_1_132' title='bbox 1378 1744 1385 1755; x_wconf 52' lang='grc'><strong>’</strong></span> 
     </span>
    </p>
   </div>
   <div class='ocr_carea' id='block_1_5' title="bbox 92 1882 1321 1958">
    <p class='ocr_par' dir='ltr' id='par_1_6' title="bbox 92 1882 1321 1958">
     <span class='ocr_line' id='line_1_15' title="bbox 92 1882 1321 1958; baseline -0.007 -10"><span class='ocrx_word' id='word_1_133' title='bbox 92 1939 98 1948; x_wconf 94' lang='grc'><strong>.</strong></span> <span class='ocrx_word' id='word_1_134' title='bbox 192 1891 223 1943; x_wconf 92' lang='lat' dir='ltr'><strong>et</strong></span> <span class='ocrx_word' id='word_1_135' title='bbox 246 1885 382 1944; x_wconf 88' lang='lat' dir='ltr'><strong>nonnulli</strong></span> <span class='ocrx_word' id='word_1_136' title='bbox 406 1884 464 1945; x_wconf 90' lang='lat' dir='ltr'><strong>loci</strong></span> <span class='ocrx_word' id='word_1_137' title='bbox 488 1903 507 1944; x_wconf 91' lang='lat' dir='ltr'><strong>a</strong></span> <span class='ocrx_word' id='word_1_138' title='bbox 531 1902 579 1943; x_wconf 91' lang='lat' dir='ltr'><strong>me</strong></span> <span class='ocrx_word' id='word_1_139' title='bbox 603 1884 698 1944; x_wconf 90' lang='lat' dir='ltr'><strong>notati</strong></span> <span class='ocrx_word' id='word_1_140' title='bbox 722 1885 938 1956; x_wconf 89' lang='lat' dir='ltr'><strong>demonstrant,</strong></span> <span class='ocrx_word' id='word_1_141' title='bbox 962 1883 994 1942; x_wconf 88' lang='lat' dir='ltr'><strong>in</strong></span> <span class='ocrx_word' id='word_1_142' title='bbox 1020 1882 1127 1958; x_wconf 82' lang='lat' dir='ltr'><strong>thus</strong></span> <span class='ocrx_word' id='word_1_143' title='bbox 1146 1882 1321 1951; x_wconf 81' lang='lat' dir='ltr'><strong>lacunarum</strong></span> 
     </span>
    </p>
   </div>
   <div class='ocr_carea' id='block_1_6' title="bbox 149 1989 1345 2291">
    <p class='ocr_par' dir='ltr' id='par_1_7' title="bbox 149 1989 1345 2291">
     <span class='ocr_line' id='line_1_16' title="bbox 193 1989 1321 2072; baseline -0.003 -18"><span class='ocrx_word' id='word_1_144' title='bbox 193 1994 278 2071; x_wconf 87' lang='lat' dir='ltr'><strong>signa</strong></span> <span class='ocrx_word' id='word_1_145' title='bbox 300 1994 529 2072; x_wconf 86' lang='lat' dir='ltr'><strong>deprehendisse</strong></span> <span class='ocrx_word' id='word_1_146' title='bbox 547 1994 620 2054; x_wconf 89' lang='lat' dir='ltr'><strong>mihi</strong></span> <span class='ocrx_word' id='word_1_147' title='bbox 638 1995 757 2066; x_wconf 83' lang='lat' dir='ltr'><strong>videor3</strong></span> <span class='ocrx_word' id='word_1_148' title='bbox 782 1995 842 2053; x_wconf 85' lang='lat' dir='ltr'><strong>rid.</strong></span> <span class='ocrx_word' id='word_1_149' title='bbox 863 1989 899 2068; x_wconf 89' lang='grc'><strong>2,</strong></span> <span class='ocrx_word' id='word_1_150' title='bbox 924 1989 996 2054; x_wconf 97' lang='grc'><strong>147.</strong></span> <span class='ocrx_word' id='word_1_151' title='bbox 1022 1993 1090 2052; x_wconf 84' lang='grc'><strong>0011.</strong></span> <span class='ocrx_word' id='word_1_152' title='bbox 1115 1993 1321 2053; x_wconf 82' lang='lat' dir='ltr'><strong>observatione</strong></span> 
     </span>
     <span class='ocr_line' id='line_1_17' title="bbox 149 2098 1345 2202; baseline 0 -41"><span class='ocrx_word' id='word_1_153' title='bbox 149 2100 154 2108; x_wconf 82' lang='grc'><em>“</em></span> <span class='ocrx_word' id='word_1_154' title='bbox 192 2112 295 2162; x_wconf 90' lang='lat' dir='ltr'><strong>nostra</strong></span> <span class='ocrx_word' id='word_1_155' title='bbox 315 2098 368 2164; x_wconf 79' lang='lat'><strong>39.</strong></span> <span class='ocrx_word' id='word_1_156' title='bbox 390 2105 429 2163; x_wconf 90' lang='lat' dir='ltr'><strong>ad</strong></span> <span class='ocrx_word' id='word_1_157' title='bbox 448 2105 574 2164; x_wconf 87' lang='lat' dir='ltr'><strong>indicem</strong></span> <span class='ocrx_word' id='word_1_158' title='bbox 596 2105 667 2163; x_wconf 92' lang='lat' dir='ltr'><strong>libri</strong></span> <span class='ocrx_word' id='word_1_159' title='bbox 687 2105 822 2176; x_wconf 88' lang='lat' dir='ltr'><strong>secundi,</strong></span> <span class='ocrx_word' id='word_1_160' title='bbox 848 2111 912 2162; x_wconf 91' lang='lat' dir='ltr'><strong>tum</strong></span> <span class='ocrx_word' id='word_1_161' title='bbox 936 2109 1037 2162; x_wconf 87' lang='lat' dir='ltr'><strong>notam</strong></span> <span class='ocrx_word' id='word_1_162' title='bbox 1059 2099 1110 2162; x_wconf 95' lang='grc'><strong>12.</strong></span> <span class='ocrx_word' id='word_1_163' title='bbox 1135 2103 1174 2162; x_wconf 88' lang='lat' dir='ltr'><strong>ad</strong></span> <span class='ocrx_word' id='word_1_164' title='bbox 1196 2102 1345 2202; x_wconf 35' lang='lat' dir='ltr'><strong>indicem.</strong></span> 
     </span>
     <span class='ocr_line' id='line_1_18' title="bbox 192 2206 1320 2291; baseline 0 -20"><span class='ocrx_word' id='word_1_165' title='bbox 192 2212 261 2271; x_wconf 81' lang='lat' dir='ltr'><strong>hbri</strong></span> <span class='ocrx_word' id='word_1_166' title='bbox 272 2208 335 2284; x_wconf 91' lang='grc'><strong>16.,</strong></span> <span class='ocrx_word' id='word_1_167' title='bbox 349 2231 440 2291; x_wconf 90' lang='lat' dir='ltr'><strong>porro</strong></span> <span class='ocrx_word' id='word_1_168' title='bbox 453 2210 486 2285; x_wconf 89' lang='lat'><strong>4,</strong></span> <span class='ocrx_word' id='word_1_169' title='bbox 502 2209 575 2273; x_wconf 88' lang='grc'><strong>112.</strong></span> <span class='ocrx_word' id='word_1_170' title='bbox 590 2212 658 2273; x_wconf 86' lang='grc'><strong>0011.</strong></span> <span class='ocrx_word' id='word_1_171' title='bbox 669 2214 708 2273; x_wconf 89' lang='lat' dir='ltr'><strong>ad</strong></span> <span class='ocrx_word' id='word_1_172' title='bbox 719 2209 770 2288; x_wconf 83' lang='lat'><strong>34,</strong></span> <span class='ocrx_word' id='word_1_173' title='bbox 786 2208 868 2285; x_wconf 88' lang='grc'><strong>149.,</strong></span> <span class='ocrx_word' id='word_1_174' title='bbox 883 2213 1010 2287; x_wconf 90' lang='lat' dir='ltr'><strong>danique</strong></span> <span class='ocrx_word' id='word_1_175' title='bbox 1019 2209 1052 2286; x_wconf 86' lang='lat'><strong>4,</strong></span> <span class='ocrx_word' id='word_1_176' title='bbox 1063 2208 1116 2273; x_wconf 88' lang='grc'><strong>49.</strong></span> <span class='ocrx_word' id='word_1_177' title='bbox 1129 2207 1180 2274; x_wconf 77' lang='grc'><strong>58.</strong></span> <span class='ocrx_word' id='word_1_178' title='bbox 1203 2206 1320 2284; x_wconf 78' lang='grc'><strong>6166.</strong></span> 
     </span>
    </p>
   </div>
   <div class='ocr_carea' id='block_1_7' title="bbox 66 2308 337 2395">
    <p class='ocr_par' dir='ltr' id='par_1_8' title="bbox 66 2308 337 2395">
     <span class='ocr_line' id='line_1_19' title="bbox 66 2308 337 2395; baseline -0.004 -14"><span class='ocrx_word' id='word_1_179' title='bbox 66 2308 72 2315; x_wconf 69' lang='grc'><strong>’</strong></span> <span class='ocrx_word' id='word_1_180' title='bbox 196 2317 248 2395; x_wconf 87' lang='grc'><strong>11,</strong></span> <span class='ocrx_word' id='word_1_181' title='bbox 263 2317 337 2381; x_wconf 89' lang='grc'><strong>267.</strong></span> 
     </span>
    </p>
   </div>
   <div class='ocr_carea' id='block_1_8' title="bbox 123 2429 1340 4048">
    <p class='ocr_par' dir='ltr' id='par_1_9' title="bbox 123 2429 1340 4048">
     <span class='ocr_line' id='line_1_20' title="bbox 234 2429 1340 2511; baseline 0.005 -23"><span class='ocrx_word' id='word_1_182' title='bbox 234 2429 293 2489; x_wconf 91' lang='lat' dir='ltr'><strong>His</strong></span> <span class='ocrx_word' id='word_1_183' title='bbox 310 2429 401 2507; x_wconf 83' lang='lat' dir='ltr'><strong>igitur</strong></span> <span class='ocrx_word' id='word_1_184' title='bbox 421 2432 460 2489; x_wconf 92' lang='lat' dir='ltr'><strong>de</strong></span> <span class='ocrx_word' id='word_1_185' title='bbox 480 2431 607 2507; x_wconf 89' lang='lat' dir='ltr'><strong>singulis</strong></span> <span class='ocrx_word' id='word_1_186' title='bbox 626 2433 773 2493; x_wconf 88' lang='lat' dir='ltr'><strong>codicibus</strong></span> <span class='ocrx_word' id='word_1_187' title='bbox 794 2435 866 2493; x_wconf 92' lang='lat' dir='ltr'><strong>satis</strong></span> <span class='ocrx_word' id='word_1_188' title='bbox 887 2434 1015 2511; x_wconf 88' lang='lat' dir='ltr'><strong>copiose,</strong></span> <span class='ocrx_word' id='word_1_189' title='bbox 1035 2443 1068 2494; x_wconf 89' lang='lat' dir='ltr'><strong>at</strong></span> <span class='ocrx_word' id='word_1_190' title='bbox 1086 2451 1157 2506; x_wconf 89' lang='lat' dir='ltr'><strong>non,</strong></span> <span class='ocrx_word' id='word_1_191' title='bbox 1182 2440 1218 2492; x_wconf 86' lang='lat' dir='ltr'><strong>ut</strong></span> <span class='ocrx_word' id='word_1_192' title='bbox 1237 2440 1340 2510; x_wconf 72' lang='lat' dir='ltr'><strong>puto,</strong></span> 
     </span>
     <span class='ocr_line' id='line_1_21' title="bbox 192 2539 1322 2619; baseline 0.002 -19"><span class='ocrx_word' id='word_1_193' title='bbox 192 2539 273 2600; x_wconf 79' lang='lat' dir='ltr'><strong>ultra</strong></span> <span class='ocrx_word' id='word_1_194' title='bbox 291 2540 499 2600; x_wconf 88' lang='lat' dir='ltr'><strong>necessitatem</strong></span> <span class='ocrx_word' id='word_1_195' title='bbox 517 2541 674 2619; x_wconf 85' lang='lat' dir='ltr'><strong>disputatis</strong></span> <span class='ocrx_word' id='word_1_196' title='bbox 694 2543 875 2618; x_wconf 90' lang='lat' dir='ltr'><strong>loquendum</strong></span> <span class='ocrx_word' id='word_1_197' title='bbox 896 2551 941 2602; x_wconf 90' lang='lat' dir='ltr'><strong>est</strong></span> <span class='ocrx_word' id='word_1_198' title='bbox 960 2545 999 2602; x_wconf 89' lang='lat' dir='ltr'><strong>de</strong></span> <span class='ocrx_word' id='word_1_199' title='bbox 1019 2544 1131 2603; x_wconf 88' lang='lat' dir='ltr'><strong>ratione</strong></span> <span class='ocrx_word' id='word_1_200' title='bbox 1151 2560 1229 2619; x_wconf 88' lang='lat' dir='ltr'><strong>quae</strong></span> <span class='ocrx_word' id='word_1_201' title='bbox 1246 2544 1322 2602; x_wconf 87' lang='lat' dir='ltr'><strong>inter</strong></span> 
     </span>
     <span class='ocr_line' id='line_1_22' title="bbox 192 2651 1321 2726; baseline 0.001 -16"><span class='ocrx_word' id='word_1_202' title='bbox 192 2651 260 2710; x_wconf 92' lang='lat' dir='ltr'><strong>illos</strong></span> <span class='ocrx_word' id='word_1_203' title='bbox 278 2651 449 2722; x_wconf 86' lang='lat' dir='ltr'><strong>intercedit3</strong></span> <span class='ocrx_word' id='word_1_204' title='bbox 474 2651 632 2711; x_wconf 86' lang='lat' dir='ltr'><strong>revocandi</strong></span> <span class='ocrx_word' id='word_1_205' title='bbox 653 2661 723 2711; x_wconf 89' lang='lat' dir='ltr'><strong>sunt</strong></span> <span class='ocrx_word' id='word_1_206' title='bbox 744 2652 783 2710; x_wconf 89' lang='lat' dir='ltr'><strong>ad</strong></span> <span class='ocrx_word' id='word_1_207' title='bbox 803 2672 873 2712; x_wconf 89' lang='lat' dir='ltr'><strong>sues</strong></span> <span class='ocrx_word' id='word_1_208' title='bbox 900 2654 1009 2713; x_wconf 85' lang='lat' dir='ltr'><strong>classes</strong></span> <span class='ocrx_word' id='word_1_209' title='bbox 1027 2660 1058 2711; x_wconf 91' lang='lat' dir='ltr'><strong>et</strong></span> <span class='ocrx_word' id='word_1_210' title='bbox 1077 2652 1221 2726; x_wconf 88' lang='lat' dir='ltr'><strong>familias,</strong></span> <span class='ocrx_word' id='word_1_211' title='bbox 1249 2670 1321 2725; x_wconf 84' lang='lat' dir='ltr'><strong>suus</strong></span> 
     </span>
     <span class='ocr_line' id='line_1_23' title="bbox 192 2762 1321 2841; baseline 0 -19"><span class='ocrx_word' id='word_1_212' title='bbox 192 2762 297 2838; x_wconf 88' lang='lat' dir='ltr'><strong>cuique</strong></span> <span class='ocrx_word' id='word_1_213' title='bbox 315 2763 400 2822; x_wconf 87' lang='lat' dir='ltr'><strong>locus</strong></span> <span class='ocrx_word' id='word_1_214' title='bbox 419 2762 625 2839; x_wconf 86' lang='lat' dir='ltr'><strong>assignandus,</strong></span> <span class='ocrx_word' id='word_1_215' title='bbox 646 2767 770 2822; x_wconf 85' lang='lat' dir='ltr'><strong>stemma</strong></span> <span class='ocrx_word' id='word_1_216' title='bbox 790 2781 903 2836; x_wconf 86' lang='lat' dir='ltr'><strong>eorum,</strong></span> <span class='ocrx_word' id='word_1_217' title='bbox 929 2762 1028 2838; x_wconf 86' lang='lat' dir='ltr'><strong>quoad</strong></span> <span class='ocrx_word' id='word_1_218' title='bbox 1046 2764 1111 2822; x_wconf 89' lang='lat' dir='ltr'><strong>eius</strong></span> <span class='ocrx_word' id='word_1_219' title='bbox 1131 2762 1195 2822; x_wconf 85' lang='lat' dir='ltr'><strong>fieri</strong></span> <span class='ocrx_word' id='word_1_220' title='bbox 1214 2769 1321 2841; x_wconf 82' lang='lat' dir='ltr'><strong>potest,</strong></span> 
     </span>
     <span class='ocr_line' id='line_1_24' title="bbox 192 2870 1322 2956; baseline -0.002 -24"><span class='ocrx_word' id='word_1_221' title='bbox 192 2873 433 2956; x_wconf 86' lang='lat' dir='ltr'><strong>proponendum,</strong></span> <span class='ocrx_word' id='word_1_222' title='bbox 454 2873 587 2948; x_wconf 88' lang='lat' dir='ltr'><strong>corrupti</strong></span> <span class='ocrx_word' id='word_1_223' title='bbox 608 2891 628 2930; x_wconf 90' lang='lat' dir='ltr'><strong>a</strong></span> <span class='ocrx_word' id='word_1_224' title='bbox 648 2873 745 2932; x_wconf 85' lang='lat' dir='ltr'><strong>minus</strong></span> <span class='ocrx_word' id='word_1_225' title='bbox 763 2873 925 2949; x_wconf 87' lang='lat' dir='ltr'><strong>corruptis,</strong></span> <span class='ocrx_word' id='word_1_226' title='bbox 951 2872 1129 2950; x_wconf 82' lang='lat' dir='ltr'><strong>interpolati</strong></span> <span class='ocrx_word' id='word_1_227' title='bbox 1143 2875 1181 2933; x_wconf 89' lang='lat' dir='ltr'><strong>ab</strong></span> <span class='ocrx_word' id='word_1_228' title='bbox 1200 2870 1322 2947; x_wconf 84' lang='lat' dir='ltr'><strong>integris</strong></span> 
     </span>
     <span class='ocr_line' id='line_1_25' title="bbox 193 2981 1323 3059; baseline -0.002 -18"><span class='ocrx_word' id='word_1_229' title='bbox 193 2981 373 3053; x_wconf 86' lang='lat' dir='ltr'><strong>secernendi,</strong></span> <span class='ocrx_word' id='word_1_230' title='bbox 398 2987 434 3040; x_wconf 89' lang='lat' dir='ltr'><strong>ut</strong></span> <span class='ocrx_word' id='word_1_231' title='bbox 456 2981 559 3058; x_wconf 83' lang='lat' dir='ltr'><strong>paucis</strong></span> <span class='ocrx_word' id='word_1_232' title='bbox 584 2981 689 3054; x_wconf 88' lang='lat' dir='ltr'><strong>dicam,</strong></span> <span class='ocrx_word' id='word_1_233' title='bbox 715 2981 989 3057; x_wconf 87' lang='lat' dir='ltr'><strong>demonstrandum,</strong></span> <span class='ocrx_word' id='word_1_234' title='bbox 1019 2983 1138 3059; x_wconf 87' lang='lat' dir='ltr'><strong>quinam</strong></span> <span class='ocrx_word' id='word_1_235' title='bbox 1162 2981 1323 3042; x_wconf 85' lang='lat' dir='ltr'><strong>secundum</strong></span> 
     </span>
     <span class='ocr_line' id='line_1_26' title="bbox 192 3089 1323 3170; baseline -0.002 -18"><span class='ocrx_word' id='word_1_236' title='bbox 192 3092 312 3170; x_wconf 85' lang='lat' dir='ltr'><strong>regulas</strong></span> <span class='ocrx_word' id='word_1_237' title='bbox 336 3090 408 3150; x_wconf 88' lang='lat' dir='ltr'><strong>artis</strong></span> <span class='ocrx_word' id='word_1_238' title='bbox 432 3096 462 3150; x_wconf 90' lang='lat' dir='ltr'><strong>et</strong></span> <span class='ocrx_word' id='word_1_239' title='bbox 486 3090 585 3168; x_wconf 89' lang='lat' dir='ltr'><strong>inepta</strong></span> <span class='ocrx_word' id='word_1_240' title='bbox 609 3089 727 3150; x_wconf 86' lang='lat' dir='ltr'><strong>hbidine</strong></span> <span class='ocrx_word' id='word_1_241' title='bbox 751 3098 851 3170; x_wconf 90' lang='lat' dir='ltr'><strong>spreta</strong></span> <span class='ocrx_word' id='word_1_242' title='bbox 874 3111 946 3170; x_wconf 89' lang='lat' dir='ltr'><strong>prae</strong></span> <span class='ocrx_word' id='word_1_243' title='bbox 967 3094 1072 3152; x_wconf 87' lang='lat' dir='ltr'><strong>ceteris</strong></span> <span class='ocrx_word' id='word_1_244' title='bbox 1091 3093 1152 3152; x_wconf 90' lang='lat' dir='ltr'><strong>sint</strong></span> <span class='ocrx_word' id='word_1_245' title='bbox 1171 3090 1323 3166; x_wconf 84' lang='lat' dir='ltr'><strong>sequendi,</strong></span> 
     </span>
     <span class='ocr_line' id='line_1_27' title="bbox 194 3184 1323 3280; baseline -0.003 -21"><span class='ocrx_word' id='word_1_246' title='bbox 194 3202 314 3276; x_wconf 88' lang='lat' dir='ltr'><strong>quinam</strong></span> <span class='ocrx_word' id='word_1_247' title='bbox 335 3199 464 3259; x_wconf 86' lang='lat' dir='ltr'><strong>secundo</strong></span> <span class='ocrx_word' id='word_1_248' title='bbox 483 3199 550 3258; x_wconf 89' lang='lat' dir='ltr'><strong>loco</strong></span> <span class='ocrx_word' id='word_1_249' title='bbox 568 3184 763 3277; x_wconf 74' lang='lat' dir='ltr'><strong>supplementi</strong></span> <span class='ocrx_word' id='word_1_250' title='bbox 782 3202 876 3261; x_wconf 86' lang='lat' dir='ltr'><strong>instar</strong></span> <span class='ocrx_word' id='word_1_251' title='bbox 893 3202 1065 3280; x_wconf 86' lang='lat' dir='ltr'><strong>usurpandi,</strong></span> <span class='ocrx_word' id='word_1_252' title='bbox 1084 3200 1206 3277; x_wconf 88' lang='lat' dir='ltr'><strong>quinam</strong></span> <span class='ocrx_word' id='word_1_253' title='bbox 1229 3216 1323 3276; x_wconf 92' lang='lat' dir='ltr'><strong>repu-</strong></span> 
     </span>
     <span class='ocr_line' id='line_1_28' title="bbox 194 3299 1323 3388; baseline -0.001 -20"><span class='ocrx_word' id='word_1_254' title='bbox 194 3309 303 3369; x_wconf 87' lang='lat' dir='ltr'><strong>diandi.</strong></span> <span class='ocrx_word' id='word_1_255' title='bbox 324 3299 454 3384; x_wconf 82' lang='lat' dir='ltr'><strong>Magnae</strong></span> <span class='ocrx_word' id='word_1_256' title='bbox 472 3327 543 3367; x_wconf 88' lang='lat' dir='ltr'><strong>vero</strong></span> <span class='ocrx_word' id='word_1_257' title='bbox 562 3309 619 3368; x_wconf 89' lang='lat' dir='ltr'><strong>hoc</strong></span> <span class='ocrx_word' id='word_1_258' title='bbox 631 3311 663 3368; x_wconf 91' lang='lat' dir='ltr'><strong>in</strong></span> <span class='ocrx_word' id='word_1_259' title='bbox 676 3312 793 3388; x_wconf 87' lang='lat' dir='ltr'><strong>negotio</strong></span> <span class='ocrx_word' id='word_1_260' title='bbox 808 3313 937 3372; x_wconf 84' lang='lat' dir='ltr'><strong>versanti</strong></span> <span class='ocrx_word' id='word_1_261' title='bbox 952 3315 1111 3372; x_wconf 84' lang='lat' dir='ltr'><strong>occurrunt</strong></span> <span class='ocrx_word' id='word_1_262' title='bbox 1124 3307 1323 3380; x_wconf 81' lang='lat' dir='ltr'><strong>difficultates,</strong></span> 
     </span>
     <span class='ocr_line' id='line_1_29' title="bbox 123 3409 1323 3501; baseline 0.001 -24"><span class='ocrx_word' id='word_1_263' title='bbox 123 3471 126 3477; x_wconf 94' lang='lat'>.</span> <span class='ocrx_word' id='word_1_264' title='bbox 145 3418 147 3422; x_wconf 67' lang='grc'><strong>”</strong></span> <span class='ocrx_word' id='word_1_265' title='bbox 195 3437 322 3495; x_wconf 89' lang='lat' dir='ltr'><strong>quarum</strong></span> <span class='ocrx_word' id='word_1_266' title='bbox 339 3418 435 3496; x_wconf 91' lang='lat' dir='ltr'><strong>prima</strong></span> <span class='ocrx_word' id='word_1_267' title='bbox 455 3424 510 3492; x_wconf 86' lang='lat' dir='ltr'><strong>est,</strong></span> <span class='ocrx_word' id='word_1_268' title='bbox 531 3420 610 3495; x_wconf 91' lang='lat' dir='ltr'><strong>quod</strong></span> <span class='ocrx_word' id='word_1_269' title='bbox 628 3421 772 3480; x_wconf 87' lang='lat' dir='ltr'><strong>naturalis</strong></span> <span class='ocrx_word' id='word_1_270' title='bbox 791 3409 924 3496; x_wconf 79' lang='lat' dir='ltr'><strong>historia,</strong></span> <span class='ocrx_word' id='word_1_271' title='bbox 945 3433 1022 3501; x_wconf 89' lang='lat' dir='ltr'><strong>opus</strong></span> <span class='ocrx_word' id='word_1_272' title='bbox 1042 3418 1163 3480; x_wconf 87' lang='lat' dir='ltr'><strong>maximi</strong></span> <span class='ocrx_word' id='word_1_273' title='bbox 1181 3417 1323 3491; x_wconf 88' lang='lat' dir='ltr'><strong>ambitus,</strong></span> 
     </span>
     <span class='ocr_line' id='line_1_30' title="bbox 192 3504 1323 3607; baseline -0.003 -20"><span class='ocrx_word' id='word_1_274' title='bbox 192 3530 252 3607; x_wconf 75' lang='lat' dir='ltr'><strong>iarn</strong></span> <span class='ocrx_word' id='word_1_275' title='bbox 274 3529 485 3588; x_wconf 86' lang='lat' dir='ltr'><strong>vetustissimis</strong></span> <span class='ocrx_word' id='word_1_276' title='bbox 506 3504 685 3606; x_wconf 77' lang='lat' dir='ltr'><strong>temporibus</strong></span> <span class='ocrx_word' id='word_1_277' title='bbox 706 3532 837 3590; x_wconf 87' lang='lat' dir='ltr'><strong>lacerum</strong></span> <span class='ocrx_word' id='word_1_278' title='bbox 850 3532 939 3590; x_wconf 92' lang='lat' dir='ltr'><strong>modo</strong></span> <span class='ocrx_word' id='word_1_279' title='bbox 953 3539 988 3590; x_wconf 87' lang='lat' dir='ltr'><strong>et</strong></span> <span class='ocrx_word' id='word_1_280' title='bbox 996 3532 1200 3591; x_wconf 74' lang='lat' dir='ltr'><strong>demandatum</strong></span> <span class='ocrx_word' id='word_1_281' title='bbox 1213 3527 1323 3587; x_wconf 81' lang='lat' dir='ltr'><strong>inma-</strong></span> 
     </span>
     <span class='ocr_line' id='line_1_31' title="bbox 194 3637 1323 3719; baseline -0.004 -19"><span class='ocrx_word' id='word_1_282' title='bbox 194 3659 252 3700; x_wconf 89' lang='lat' dir='ltr'><strong>nus</strong></span> <span class='ocrx_word' id='word_1_283' title='bbox 271 3637 459 3700; x_wconf 86' lang='lat' dir='ltr'><strong>librariorum</strong></span> <span class='ocrx_word' id='word_1_284' title='bbox 477 3638 567 3712; x_wconf 86' lang='lat' dir='ltr'><strong>venit,</strong></span> <span class='ocrx_word' id='word_1_285' title='bbox 588 3639 639 3714; x_wconf 88' lang='lat' dir='ltr'><strong>qui</strong></span> <span class='ocrx_word' id='word_1_286' title='bbox 657 3641 780 3718; x_wconf 88' lang='lat' dir='ltr'><strong>proinde</strong></span> <span class='ocrx_word' id='word_1_287' title='bbox 800 3642 839 3699; x_wconf 92' lang='lat' dir='ltr'><strong>ad</strong></span> <span class='ocrx_word' id='word_1_288' title='bbox 857 3642 1062 3719; x_wconf 80' lang='lat' dir='ltr'><strong>apographum</strong></span> <span class='ocrx_word' id='word_1_289' title='bbox 1081 3658 1170 3699; x_wconf 89' lang='lat' dir='ltr'><strong>suum</strong></span> <span class='ocrx_word' id='word_1_290' title='bbox 1185 3637 1323 3716; x_wconf 88' lang='lat' dir='ltr'><strong>supplen-</strong></span> 
     </span>
     <span class='ocr_line' id='line_1_32' title="bbox 158 3747 1323 3831; baseline -0.003 -21"><span class='ocrx_word' id='word_1_291' title='bbox 158 3824 161 3831; x_wconf 40' lang='grc'>,</span> <span class='ocrx_word' id='word_1_292' title='bbox 196 3751 268 3810; x_wconf 89' lang='lat' dir='ltr'><strong>dum</strong></span> <span class='ocrx_word' id='word_1_293' title='bbox 280 3766 401 3829; x_wconf 88' lang='lat' dir='ltr'><strong>prorsus</strong></span> <span class='ocrx_word' id='word_1_294' title='bbox 416 3747 566 3808; x_wconf 87' lang='lat' dir='ltr'><strong>diversum</strong></span> <span class='ocrx_word' id='word_1_295' title='bbox 579 3750 707 3810; x_wconf 90' lang='lat' dir='ltr'><strong>codicem</strong></span> <span class='ocrx_word' id='word_1_296' title='bbox 721 3752 929 3825; x_wconf 86' lang='lat' dir='ltr'><strong>sequebantur,</strong></span> <span class='ocrx_word' id='word_1_297' title='bbox 944 3751 1022 3809; x_wconf 89' lang='lat' dir='ltr'><strong>unda</strong></span> <span class='ocrx_word' id='word_1_298' title='bbox 1035 3750 1116 3810; x_wconf 90' lang='lat' dir='ltr'><strong>haud</strong></span> <span class='ocrx_word' id='word_1_299' title='bbox 1130 3748 1323 3810; x_wconf 85' lang='lat' dir='ltr'><strong>rarefactum</strong></span> 
     </span>
     <span class='ocr_line' id='line_1_33' title="bbox 196 3858 1322 3937; baseline -0.004 -17"><span class='ocrx_word' id='word_1_300' title='bbox 196 3869 251 3935; x_wconf 83' lang='lat' dir='ltr'><strong>est,</strong></span> <span class='ocrx_word' id='word_1_301' title='bbox 270 3868 306 3920; x_wconf 88' lang='lat' dir='ltr'><strong>ut</strong></span> <span class='ocrx_word' id='word_1_302' title='bbox 317 3859 407 3918; x_wconf 88' lang='lat' dir='ltr'><strong>unius</strong></span> <span class='ocrx_word' id='word_1_303' title='bbox 422 3858 528 3918; x_wconf 89' lang='lat' dir='ltr'><strong>codicis</strong></span> <span class='ocrx_word' id='word_1_304' title='bbox 541 3867 641 3936; x_wconf 90' lang='lat' dir='ltr'><strong>partes</strong></span> <span class='ocrx_word' id='word_1_305' title='bbox 656 3861 790 3920; x_wconf 85' lang='lat' dir='ltr'><strong>diversae</strong></span> <span class='ocrx_word' id='word_1_306' title='bbox 805 3859 953 3919; x_wconf 88' lang='lat' dir='ltr'><strong>diversum</strong></span> <span class='ocrx_word' id='word_1_307' title='bbox 971 3859 1176 3937; x_wconf 85' lang='lat' dir='ltr'><strong>apographum</strong></span> <span class='ocrx_word' id='word_1_308' title='bbox 1188 3858 1322 3917; x_wconf 86' lang='lat' dir='ltr'><strong>reddant.</strong></span> 
     </span>
     <span class='ocr_line' id='line_1_34' title="bbox 197 3968 1324 4048; baseline -0.003 -19"><span class='ocrx_word' id='word_1_309' title='bbox 197 3970 264 4029; x_wconf 88' lang='lat' dir='ltr'><strong>Hoc</strong></span> <span class='ocrx_word' id='word_1_310' title='bbox 276 3969 319 4028; x_wconf 83' lang='lat' dir='ltr'><strong>ita</strong></span> <span class='ocrx_word' id='word_1_311' title='bbox 332 3968 443 4029; x_wconf 90' lang='lat' dir='ltr'><strong>factum</strong></span> <span class='ocrx_word' id='word_1_312' title='bbox 457 3972 525 4030; x_wconf 83' lang='lat' dir='ltr'><strong>esse&#39;</strong></span> <span class='ocrx_word' id='word_1_313' title='bbox 536 3988 603 4030; x_wconf 92' lang='lat' dir='ltr'><strong>cum</strong></span> <span class='ocrx_word' id='word_1_314' title='bbox 617 3989 670 4048; x_wconf 89' lang='lat' dir='ltr'><strong>per</strong></span> <span class='ocrx_word' id='word_1_315' title='bbox 684 3987 716 4028; x_wconf 90' lang='lat' dir='ltr'><strong>se</strong></span> <span class='ocrx_word' id='word_1_316' title='bbox 734 3970 773 4029; x_wconf 88' lang='lat' dir='ltr'><strong>sit</strong></span> <span class='ocrx_word' id='word_1_317' title='bbox 791 3970 950 4029; x_wconf 89' lang='lat' dir='ltr'><strong>admodum</strong></span> <span class='ocrx_word' id='word_1_318' title='bbox 970 3971 1134 4047; x_wconf 89' lang='lat' dir='ltr'><strong>probabile,</strong></span> <span class='ocrx_word' id='word_1_319' title='bbox 1155 3976 1220 4028; x_wconf 90' lang='lat' dir='ltr'><strong>tum</strong></span> <span class='ocrx_word' id='word_1_320' title='bbox 1239 3969 1324 4028; x_wconf 86' lang='lat' dir='ltr'><strong>donet</strong></span> 
     </span>
    </p>
   </div>
   <div class='ocr_carea' id='block_1_9' title="bbox 196 4075 1418 4160">
    <p class='ocr_par' dir='ltr' id='par_1_10' title="bbox 196 4075 1418 4160">
     <span class='ocr_line' id='line_1_35' title="bbox 196 4075 1418 4160; baseline -0.005 -21"><span class='ocrx_word' id='word_1_321' title='bbox 196 4080 280 4140; x_wconf 87' lang='lat' dir='ltr'><strong>locus</strong></span> <span class='ocrx_word' id='word_1_322' title='bbox 294 4077 463 4160; x_wconf 84' lang='lat' dir='ltr'><strong>Symmachi</strong></span> <span class='ocrx_word' id='word_1_323' title='bbox 481 4080 568 4159; x_wconf 90' lang='lat' dir='ltr'><strong>epist.</strong></span> <span class='ocrx_word' id='word_1_324' title='bbox 585 4075 615 4152; x_wconf 93' lang='lat'><strong>1,</strong></span> <span class='ocrx_word' id='word_1_325' title='bbox 631 4076 682 4138; x_wconf 88' lang='grc'><strong>24.</strong></span> <span class='ocrx_word' id='word_1_326' title='bbox 702 4087 771 4157; x_wconf 91' lang='lat' dir='ltr'><strong>post</strong></span> <span class='ocrx_word' id='word_1_327' title='bbox 783 4079 953 4140; x_wconf 82' lang='lat' dir='ltr'><strong>Fabricium</strong></span> <span class='ocrx_word' id='word_1_328' title='bbox 967 4098 986 4139; x_wconf 90' lang='lat' dir='ltr'><strong>a</strong></span> <span class='ocrx_word' id='word_1_329' title='bbox 998 4079 1091 4139; x_wconf 89' lang='lat' dir='ltr'><strong>Iano</strong></span> <span class='ocrx_word' id='word_1_330' title='bbox 1110 4081 1142 4139; x_wconf 90' lang='lat' dir='ltr'><strong>in</strong></span> <span class='ocrx_word' id='word_1_331' title='bbox 1161 4080 1323 4140; x_wconf 77' lang='lat' dir='ltr'><strong>observati.</strong></span> <span class='ocrx_word' id='word_1_332' title='bbox 1413 4109 1418 4122; x_wconf 91' lang='lat'><strong>·</strong></span> 
     </span>
    </p>
   </div>
   <div class='ocr_carea' id='block_1_10' title="bbox 198 4186 1322 4284">
    <p class='ocr_par' dir='ltr' id='par_1_11' title="bbox 198 4186 1322 4284">
     <span class='ocr_line' id='line_1_36' title="bbox 198 4186 1322 4284; baseline -0.003 -35"><span class='ocrx_word' id='word_1_333' title='bbox 198 4189 273 4250; x_wconf 83' lang='lat' dir='ltr'><strong>critt</strong></span> <span class='ocrx_word' id='word_1_334' title='bbox 288 4208 319 4268; x_wconf 85' lang='lat' dir='ltr'><strong>p.</strong></span> <span class='ocrx_word' id='word_1_335' title='bbox 334 4188 363 4252; x_wconf 88' lang='grc'><strong>7.</strong></span> <span class='ocrx_word' id='word_1_336' title='bbox 377 4199 446 4271; x_wconf 85' lang='lat' dir='ltr'><strong>apte</strong></span> <span class='ocrx_word' id='word_1_337' title='bbox 456 4192 584 4284; x_wconf 84' lang='lat' dir='ltr'><strong>allatus:</strong></span> <span class='ocrx_word' id='word_1_338' title='bbox 607 4186 662 4264; x_wconf 84' lang='lat' dir='ltr'><strong>„Si</strong></span> <span class='ocrx_word' id='word_1_339' title='bbox 675 4199 704 4248; x_wconf 93' lang='lat' dir='ltr'><strong>te</strong></span> <span class='ocrx_word' id='word_1_340' title='bbox 714 4202 803 4249; x_wconf 86' lang='lat' dir='ltr'><strong>¹amor</strong></span> <span class='ocrx_word' id='word_1_341' title='bbox 814 4191 903 4250; x_wconf 89' lang='lat' dir='ltr'><strong>habet</strong></span> <span class='ocrx_word' id='word_1_342' title='bbox 916 4190 1061 4251; x_wconf 85' lang='lat' dir='ltr'><strong>naturalis</strong></span> <span class='ocrx_word' id='word_1_343' title='bbox 1076 4189 1218 4255; x_wconf 80' lang='lat' dir='ltr'><strong>historiae</strong></span> <span class='ocrx_word' id='word_1_344' title='bbox 1233 4204 1322 4264; x_wconf 79' lang='lat' dir='ltr'><strong>qnam</strong></span> 
     </span>
    </p>
   </div>
   <div class='ocr_carea' id='block_1_11' title="bbox 0 0 1450 4794">
    <p class='ocr_par' dir='ltr' id='par_1_12' title="bbox 0 0 1450 4794">
     <span class='ocr_line' id='line_1_37' title="bbox 0 0 1450 4794; baseline 0 0"><span class='ocrx_word' id='word_1_345' title='bbox 0 0 1450 4794; x_wconf 95' lang='lat' dir='ltr'><strong> </strong></span> 
     </span>
    </p>
   </div>
  </div>
 </body>
</html>
