2888 4794
599 303 789 349 reserarit).
1183 302 1254 346 XXV

133 466 186 516 est.
208 456 259 516 Ad
278 475 398 516 manum
417 457 444 516 ei
462 457 591 531 fuerunt,
613 460 656 518 uti
674 460 738 537 ipae
758 460 789 517 in
808 456 1045 533 castigationibus
1061 449 1255 515 lotherius

92 592 96 601 ¹
132 573 244 639 narrat,
264 568 324 626 duo
342 574 514 644 pervetusta
532 568 724 645 exemplaria,
747 570 895 643 „alterum
916 566 1004 641 lenge
1022 566 1255 640 integerrimum,

132 676 320 753 depravatiua
338 678 480 750 alterurn,
502 677 545 736 ita
564 687 678 750 temen,
704 687 738 737 ut
758 677 924 737 sincerioris
949 675 1082 735 lectionis
1100 674 1257 734 manifesta

132 787 290 846 etiamnum
315 787 440 863 vestigia
462 788 616 847 retineat.’'
649 788 691 846 Et
711 807 779 847 oum
799 787 878 847 infra
897 785 1001 844 addat:
1032 784 1118 860 „Ego
1138 793 1257 844 secutus

133 914 307 955 consensum
325 897 467 973 probatae
484 898 552 957 fidei
572 898 715 969 codicum,
737 899 853 975 quoties
872 896 972 955 inveni
991 894 1144 954 manifesto
1165 894 1258 954 verio-

131 1025 196 1064 rem
209 1007 373 1079 lectionem,
395 1024 461 1065 eam
479 1008 510 1065 in
529 1015 699 1068 contextum
712 1007 851 1085 reposui3
871 1006 964 1065 sicubi
981 1005 1064 1064 haeai
1079 1003 1172 1082 (quod
1187 1021 1259 1062 sane

134 1124 340 1190 praeterquam
364 1117 395 1174 in
419 1118 639 1177 nomenclatura
663 1118 822 1177 herbarum
846 1134 969 1194 perraro
993 1115 1093 1174 incidit
1119 1114 1150 1172 in
1177 1121 1260 1172 tanto

132 1226 358 1304 archetyporum
371 1221 547 1308 praesidio),
558 1228 658 1287 locum
671 1228 737 1287 aliia
748 1227 967 1303 disquirendum
977 1225 1143 1299 relinquere
1156 1223 1259 1295 malui,

133 1352 221 1409 quam
235 1335 345 1394 frustra
360 1336 495 1410 vexare,-''
516 1356 583 1396 cum
603 1339 705 1414 igitur,
724 1340 856 1415 inquam,
878 1338 951 1396 haec
971 1336 1061 1395 addat
1074 1333 1260 1411 reprehensis

131 1444 193 1503 illia
214 1446 333 1518 criticis,
354 1447 405 1525 qui
424 1447 595 1507 coniecturis
613 1449 712 1507 omnia
732 1449 831 1507 sanari
849 1465 937 1526 posse
956 1453 1072 1524 putant,
1092 1452 1173 1503 certo
1192 1445 1260 1503 inde

132 1554 263 1631 sequitur
284 1553 440 1615 Gelenium
466 1566 531 1616 tum
556 1540 675 1617 demum
688 1559 851 1617 lectionem
872 1557 1002 1632 aliquam
1028 1574 1136 1614 novam
1159 1561 1260 1631 protu-

131 1665 215 1738 lisse,
245 1667 297 1725 ubi
316 1667 401 1725 codd.
426 1667 604 1727 addicerent.
640 1667 717 1727 Hinc
744 1669 807 1727 eiua
828 1667 913 1726 codd.
935 1667 1025 1726 etiarn
1044 1675 1108 1725 tum
1128 1664 1259 1738 laudavi,

134 1793 200 1834 cum
218 1776 292 1834 nihil
311 1777 368 1835 nisi
388 1779 479 1837 scribe
500 1774 627 1854 vellepe
648 1779 834 1855 pronuntiat,
858 1777 939 1853 quod
963 1796 999 1835 eo
1023 1776 1135 1835 maiore
1153 1774 1262 1833 fiducia

64 1964 68 1969 Ι
133 1883 206 1957 feci,
232 1903 293 1958 quo
318 1886 435 1963 saepius
459 1887 534 1945 istas
558 1887 699 1946 lectiones
723 1906 777 1962 per
802 1887 878 1945 alios
903 1887 1015 1944 codices
1041 1885 1260 1943 confirmantur.

133 1993 175 2050 Et
193 1993 238 2050 illi
256 1994 368 2051 codices
389 2011 477 2072 saepe
500 1996 626 2071 optimas
646 2013 742 2070 neque
760 1993 953 2071 interpolatas
973 2000 1005 2050 et
1022 1993 1061 2051 ab
1085 1992 1151 2050 aliis
1175 1992 1261 2051 bonis

134 2101 217 2160 libris
238 2103 427 2162 confirmatae
446 2104 585 2164 lectiones
604 2103 723 2176 habent,
745 2105 790 2163 uti
810 2100 942 2179 32,10.,
960 2104 1013 2162 ubi
1036 2122 1104 2183 cum
1124 2102 1155 2161 in
1176 2102 1261 2161 codd.

134 2212 196 2270 lere
211 2214 344 2272 omnrlrua
357 2215 476 2290 legatur
489 2217 603 2288 vitulos,
622 2216 679 2293 ipsi
695 2213 803 2274 oumB
819 2209 852 2296 (a
866 2233 955 2274 manu
969 2209 1080 2296 prima)
1098 2223 1177 2273 reete
1190 2214 1263 2274 dant

135 2326 248 2383 mitulos
254 2347 265 2392 ‚·
280 2320 333 2397 32,
344 2319 408 2398 34,
419 2325 471 2385 ubi
484 2323 589 2384 0nt
602 2327 674 2385 dant
688 2346 770 2404 quea,
781 2344 837 2403 pro
851 2345 909 2403 quo
922 2327 953 2386 in
967 2327 1072 2386 ceteris
1085 2325 1158 2384 meis
1173 2324 1260 2393 opdd.

135 2431 231 2510 inepte
249 2433 359 2510 legitur
371 2455 407 2504 ας
429 2431 483 2507 32,
500 2432 583 2510 121.,
604 2437 656 2496 ubi
670 2436 777 2496 cumB
796 2443 897 2496 etune
917 2438 995 2496 libro
1008 2437 1135 2495 Victorii
1152 2435 1263 2495 habent

137 2544 224 2618 infici,
246 2545 395 2620 quodfalii
413 2545 524 2605 librarii
541 2565 601 2605 non
621 2546 816 2624 intelligentes
836 2553 991 2606 mutarunt
1008 2548 1039 2605 in
1055 2550 1137 2624 infigi
1150 2546 1199 2607 vel
1214 2549 1261 2605 in·

137 2655 225 2730 tingi5
247 2650 300 2726 32,
316 2650 400 2728 141,
420 2656 471 2715 ubi
484 2674 552 2714 cum
565 2656 616 2716 Bd
636 2657 708 2714 dant
721 2667 753 2715 ut
767 2659 906 2728 baculum,
926 2659 1005 2731 quod
1022 2658 1055 2715 in
1068 2657 1135 2715 aliia
1149 2655 1264 2715 transiit

136 2763 168 2821 in
187 2765 355 2824 orbaculnm.
385 2765 426 2823 Et
448 2765 516 2839 quis
535 2765 650 2824 dubitet
668 2765 764 2822 dicere
783 2766 815 2822 in
834 2766 871 2823 iia
892 2766 964 2823 solis
983 2762 1014 2837 2,
1031 2761 1082 2823 97.
1101 2783 1203 2822 veram
1221 2765 1262 2823 le·

136 2873 259 2932 ctionem
273 2877 357 2932 atatis
372 2875 543 2949 temporibus
563 2891 629 2933 esse
643 2881 801 2943 sanatam,
825 2838 942 2932 cumin
961 2873 1028 2933 aliis
1051 2873 1129 2932 male
1147 2873 1264 2950 legatur

134 2984 207 3040 actia
221 2983 361 3039 autratia
375 2985 529 3048 subtantia
543 2977 586 3041 t?
611 2981 653 3041 Et
666 3002 846 3058 quamquam
861 2984 947 3043 etiam
966 2985 999 3043 hi
1016 2982 1092 3057 libri,
1113 3003 1172 3060 quo
1192 2983 1264 3042 vitio

135 3090 188 3148 vix
205 3107 282 3149 unua
302 3090 432 3150 omnium
454 3092 585 3152 codicum
606 3095 740 3152 omnium
760 3096 936 3172 scriptorum
957 3112 1072 3156 vacuus
1092 3095 1197 3169 fuerit,
1217 3093 1262 3153 le-

136 3200 245 3260 ctiones
265 3201 456 3280 interpolates
475 3201 585 3276 ferunt,
607 3222 684 3280 quae
703 3223 741 3262 ex
762 3205 797 3263 iis
816 3205 848 3262 in
862 3205 1001 3265 editiones
1014 3206 1183 3284 posterioris
1197 3205 1263 3265 aevi
1308 3187 1315 3196 ⁵

134 3311 323 3385 transierunt,
346 3307 448 3371 tamen'
464 3330 515 3372 eoa
532 3314 705 3372 melioribus
719 3314 868 3373 codicibus
882 3316 960 3374 tertii
974 3316 1083 3375 ordinis
1097 3317 1262 3376 adscribere

133 3439 192 3480 non
205 3421 318 3494 dubito,
340 3432 370 3482 et
383 3423 475 3481 nimia
492 3425 650 3482 severitate
664 3423 759 3482 dicam
773 3442 812 3481 an
825 3424 977 3498 iniquitate
991 3425 1028 3483 de
1043 3424 1169 3485 Gelenio
1183 3428 1261 3486 eius·

133 3548 192 3605 que
215 3549 305 3610 opera
325 3532 424 3592 Plinio
446 3533 579 3610 impensa
602 3533 742 3592 iudicarit
761 3533 905 3592 Erasmus
933 3528 1008 3615 (rid.
1030 3535 1121 3595 vitam
1141 3535 1262 3595 Erasmi

133 3659 163 3716 p.
182 3637 255 3702 379.
281 3642 349 3702 edit
374 3637 484 3724 1612.)
509 3643 623 3702 dicens:
663 3641 829 3716 „Gelenius
854 3663 888 3704 se
910 3652 997 3721 putat
1020 3664 1085 3704 rem
1109 3645 1260 3703 mirificam

131 3753 323 3829 praestitisse,
343 3770 399 3829 ego
414 3771 517 3813 censeo
532 3755 643 3813 crimen
662 3772 728 3814 ease
741 3754 956 3833 inexpiabile'';
977 3775 1065 3833 quam
1087 3753 1211 3828 diligens
1230 3760 1261 3813 et

87 3858 90 3862 ’
132 3871 287 3921 accuratus
307 3864 340 3922 in
360 3865 493 3923 codicum
514 3872 592 3924 certe
616 3864 792 3924 lectionibus
814 3865 971 3924 afferendis
993 3863 1136 3923 Gelenius
1160 3862 1258 3939 fuerit,

133 3971 240 4029 docent
252 3969 337 4032 Bast.
356 3973 387 4031 in
406 3973 489 4050 epist.
507 3973 569 4032 crit.
584 3992 614 4049 p.
629 3971 682 4034 42.
706 3981 735 4033 et
754 3973 928 4052 Bernhardy
941 3975 1019 4033 anal.
1034 3975 1072 4033 ad
1086 3993 1187 4054 geogr.
1203 3975 1257 4038 Gr.
1345 4022 1351 4030 .

132 4081 203 4142 min.
218 4100 248 4158 p.
265 4076 314 4141 18.
