2888 4794
194 258 256 321 120
542 272 746 318 narunams
768 272 964 319 msronmu

192 426 321 505 accidit,
343 424 577 511 inperatoribus
599 424 808 510 Vespasianis
822 436 914 510 patre
936 442 987 489 111.
1010 424 1074 489 filio
1096 423 1212 491 iterum
1235 449 1313 493 con-

192 529 325 596 sulibus.

234 629 331 695 XIV.
369 629 420 693 11.
441 626 571 692 Lunam
594 650 719 714 semper
741 628 862 694 aversis
883 651 904 692 a
924 629 990 694 sole
1013 629 1174 709 cornibus,
1198 630 1227 694 si
1241 653 1312 695 cre·
1328 649 1360 693 ss

193 743 271 811 scat,
294 740 383 796 ortus
397 740 554 816 spectare,
577 730 605 795 si
626 730 799 808 minuatur,
821 751 965 808 occasus,
987 729 1067 794 haut
1088 730 1221 797 dubium
1244 742 1312 808 est3

191 835 300 900 lucere
322 832 496 898 dodrantes
518 831 698 896 semuncias
719 831 869 896 horarum
890 831 932 897 ab
957 831 1099 896 secunda
1120 832 1314 897 adicientem

191 958 295 1019 usque
322 935 364 1000 ad
392 934 523 1020 plenum
550 932 659 998 orbem
686 933 970 1017 detrahentemque
996 933 1031 997 in
1052 933 1313 1012 deminutionem,

190 1039 276 1103 intra
297 1036 558 1121 quattuordecim·
575 1044 681 1102 autem
703 1035 804 1121 partis
824 1035 900 1099 solis
915 1057 1042 1121 semper
1057 1036 1216 1100 occultam
1231 1057 1313 1100 esse.

193 1137 269 1224 Quo
304 1147 493 1225 argumento
528 1137 663 1223 amplior
695 1136 871 1202 errantium
901 1137 1064 1202 stellarum
1094 1160 1190 1221 quam
1218 1137 1315 1202 lunae

191 1240 378 1327 magnitudo
401 1241 582 1328 colligitur,
617 1239 744 1323 quando
773 1238 845 1306 illae
875 1248 907 1303 et
936 1262 955 1303 a
985 1238 1126 1325 septenis
1152 1237 1315 1303 interdum

191 1343 336 1430 partibus
358 1353 533 1430 emergant.
568 1339 636 1406 Sed
657 1340 791 1407 altitudo
814 1339 902 1427 cogit
922 1339 1062 1404 minores
1083 1338 1208 1418 videri,
1232 1337 1316 1403 sicut

192 1445 314 1511 adfixas
336 1445 424 1511 caelo
446 1444 521 1510 solis
543 1443 650 1529 fulgor
670 1442 810 1508 interdiu
830 1464 895 1506 non
917 1440 1015 1518 cerni,
1038 1463 1111 1506 cum
1133 1462 1236 1524 aeque
1258 1440 1315 1504 diu
1423 1494 1432 1505 .

192 1569 230 1611 ao
250 1556 348 1612 noctu
368 1547 497 1612 luceant
518 1544 616 1629 idque
638 1543 844 1609 manifestum
861 1542 917 1608 fiat
931 1543 1063 1608 defectu
1077 1541 1153 1607 solis
1169 1553 1202 1607 et
1214 1564 1313 1628 prae-

192 1649 265 1714 altis
286 1648 403 1734 puteis.
495 1682 498 1691 ·

233 1749 313 1815 XV.
350 1751 401 1814 12.
424 1747 610 1813 Errantium
631 1758 738 1821 autem
760 1757 847 1826 tres,
878 1769 958 1832 quas
986 1769 1085 1832 supra
1107 1749 1205 1814 solem
1227 1747 1312 1812 dixi-
1327 1764 1359 1808 sa

190 1874 263 1919 mus
279 1851 367 1930 sitas,
391 1851 591 1916 occultantur
612 1860 755 1916 meantes
770 1872 844 1915 cum
859 1871 915 1925 e0;
938 1849 1125 1914 exoriuntur
1145 1871 1222 1914 vero
1243 1872 1312 1914 ma-

191 1953 304 2032 tutino,
328 1953 530 2019 discedentes
551 1953 696 2040 partibus
717 1974 893 2037 numquam
914 1949 1051 2036 amplius
1072 1950 1218 2016 undenis.
1247 1950 1312 2016 Po-

191 2065 260 2119 stea
280 2054 444 2120 radiorum
466 2055 535 2121 eius
563 2065 711 2120 contactu
732 2064 889 2141 reguntur
910 2051 998 2117 etin
1019 2052 1173 2137 triquetro
1194 2076 1215 2117 a
1235 2076 1312 2139 par·

192 2154 278 2221 tibus
300 2166 428 2220 centum
449 2156 565 2244 viginti
587 2157 738 2221 stationes
759 2154 932 2219 matutinas
953 2153 1076 2219 iaciunt
1097 2177 1179 2239 quae
1195 2165 1227 2220 et
1244 2155 1312 2241 pri-

192 2278 263 2320 mae
284 2267 449 2335 vocantur,
471 2280 547 2321 mox
568 2258 602 2322 in
623 2258 759 2322 adverso
781 2256 966 2341 apartibus
988 2266 1116 2321 centum
1138 2257 1312 2343 octoginta,

193 2367 325 2422 exortus
339 2359 551 2443 vespertinos,
574 2359 753 2442 iterumque
775 2357 809 2421 in
831 2369 960 2423 centum
981 2357 1098 2444 viginti
1118 2357 1159 2423 ab
1181 2358 1243 2424 alio
1264 2359 1312 2423 la·

193 2469 260 2524 tere
276 2458 578 2545 adpropinquantes,
602 2460 755 2525 stationes
769 2458 970 2545 vespertinas
986 2482 1065 2544 quas
1082 2459 1240 2524 secundas
1254 2480 1312 2524 vo-

192 2570 285 2640 cant,
317 2561 418 2625 donec
445 2561 617 2626 adsecutus
643 2561 849 2647 inpartibus
877 2561 1034 2626 duodenis
1060 2562 1202 2626 occultet
1227 2561 1312 2638 illas,

192 2662 247 2748 qui
268 2662 443 2750 vespertini
469 2685 600 2728 occasus
627 2664 837 2748 appellantur.
872 2662 989 2728 Martis
1011 2663 1104 2728 stella
1124 2672 1160 2728 ut
1180 2662 1313 2748 propior
1327 2683 1361 2727 so

230 2836 391 2899 III.,RTd.
419 2847 452 2899 et,
469 2839 499 2888 P.
527 2855 569 2898 ac,
591 2853 607 2886 a
624 2833 748 2899 (Richel.)
778 2839 919 2888 Numerum
938 2838 1069 2901 vulgarem
1091 2851 1145 2888 esse
1165 2843 1312 2898 corruptum

192 2907 285 2954 docent
304 2905 413 2965 nummi,
439 2921 496 2956 cum
514 2906 616 2954 tertium
637 2907 799 2954 consulatum
816 2907 988 2968 Vespasianus
1009 2912 1106 2969 gereret
1126 2920 1184 2954 cum
1202 2901 1311 2952 Cocceio

191 2973 275 3023 Nerva
296 2969 422 3033 (Eckhel.
440 2975 473 3023 D.
489 2973 521 3023 N.
539 2979 566 3033 s,
583 2970 667 3034 323.),
694 2981 812 3035 quartum
833 2989 901 3022 anno
925 2974 1047 3036 sequenti,
1071 2987 1122 3036 quo
1145 2972 1219 3021 Titus
1243 2970 1312 3032 filius

192 3041 330 3090 secundum
346 3041 398 3102 egit
410 3038 531 3102 (Eckhel.
551 3046 573 3101 6,
592 3037 670 3100 330.)
688 3041 756 3089 Hine
773 3042 891 3090 Petavius
904 3042 983 3091 doctr.
996 3048 1074 3103 temp.
1087 3046 1111 3101 2,
1126 3045 1183 3090 180.
1196 3047 1221 3088 et
1232 3038 1313 3088 Hard.

192 3106 212 3156 I
217 3107 245 3156 V.
257 3107 433 3168 coniecerunt,
449 3108 476 3155 in
493 3121 569 3170 quem
581 3114 666 3156 tamen
683 3123 778 3157 annum
789 3124 829 3158 res
841 3109 961 3158 caelestes
973 3125 989 3158 a
1000 3109 1085 3158 Plinio
1097 3114 1211 3156 narratus
1223 3107 1315 3157 cadere

191 3182 269 3236 negat
279 3175 418 3235 Broterius,
440 3175 482 3236 qui
493 3183 563 3239 patre
575 3181 599 3224 et
602 3174 661 3237 filio
673 3175 764 3225 rectius
775 3177 827 3239 legi
840 3184 919 3240 putat.
940 3216 971 3226 ...
988 3177 1071 3226 iterum
1083 3174 1226 3236 consulatus,
1239 3175 1264 3224 Β
1273 3175 1313 3224 ²d.

192 3240 230 3294 II
238 3241 385 3302 consulibus,
398 3243 475 3292 R¹T.
494 3241 555 3304 eins,
566 3243 616 3293 Pa.

226 3307 299 3368 §sa
322 3308 446 3372 adversis,
466 3311 496 3360 P.
520 3351 551 3358 -
575 3319 695 3374 spectare,
717 3313 761 3361 ad.
785 3320 922 3376 expectare,
943 3313 1002 3362 ΒΡ.
1023 3351 1051 3360 -
1077 3311 1214 3372 dodrantis,
1232 3311 1312 3360 Tro.

192 3374 264 3426 initio
280 3374 421 3427 dodrantem
439 3387 471 3439 et,
487 3395 507 3428 r.
527 3419 558 3427 ..
577 3377 736 3438 semiuncias,
748 3379 778 3429 P.
800 3419 826 3428 -
848 3397 872 3441 a,
883 3380 912 3429 P.
932 3420 964 3428 ..
982 3378 1128 3440 adiiciente,
1140 3379 1199 3430 ΒΡ.
1218 3418 1250 3426 ..
1270 3377 1312 3428 de·

191 3444 352 3506 minutionem,
365 3439 428 3496 Oad
445 3445 574 3509 (Oudend.
586 3449 619 3496 ad
631 3446 700 3498 Suet.
714 3446 787 3497 Caes.
801 3453 856 3497 ae
868 3450 941 3497 codd.
953 3444 1056 3509 Leidd.)
1079 3445 1263 3506 deminutiones,
1276 3445 1312 3494 T.

193 3510 378 3574 diminutionem,
389 3515 440 3564 ΒΡ
445 3510 467 3576 β
471 3528 496 3579 γ.
516 3555 547 3562 ..
560 3524 583 3564 et
594 3531 618 3575 a,
630 3516 655 3565 R
663 3517 701 3564 ²d.
720 3524 748 3574 et,
760 3516 785 3564 Β
795 3515 856 3568 'Pa
874 3514 956 3576 etiam,
970 3510 991 3564 θ
996 3532 1009 3565 1·
1020 3514 1096 3578 (liber
1107 3514 1214 3565 Salmas.
1227 3527 1311 3562 exerc.

190 3596 216 3644 p.
228 3586 284 3633 508.
294 3597 317 3630 a.
326 3577 373 3642 D.)
384 3583 504 3647 ..fulqor
512 3579 768 3648 interdiu,R.fulpor.
779 3581 898 3644 Interdiu,
909 3577 937 3631 θ.
943 3581 1045 3646 fulgore
1055 3582 1167 3642 interdiu,
1175 3575 1272 3641 Pedii.
1280 3620 1312 3628 ..

191 3664 282 3712 aquae,
297 3661 321 3697 σ.
341 3689 372 3697 -
392 3647 433 3698 die
456 3668 493 3711 ar,
510 3650 559 3699 Po.
579 3666 616 3708 uc,
628 3643 801 3714 BTdadrr.
830 3652 870 3700 De
891 3651 932 3700 din
948 3665 972 3700 v,
988 3651 1092 3702 Ddderl.
1107 3651 1153 3699 lat.
1169 3649 1310 3714 Synouym.

191 3723 215 3778 4,
229 3723 286 3768 268.
305 3757 337 3766 ..
355 3724 429 3778 nocte,
440 3718 469 3767 P.
490 3757 521 3766 ..
540 3717 625 3777 luceat,
637 3717 667 3766 P.
686 3756 718 3773 .‚
738 3715 840 3781 defectu,
854 3712 942 3767 Oadr.
961 3718 1054 3782 desect’,
1071 3719 1103 3768 R.
1127 3717 1267 3781 defectibus,
1279 3709 1311 3776 β.

192 3784 280 3836 Omitt.
292 3786 322 3835 P.
341 3824 373 3834 ..
392 3785 458 3846 eoin,
471 3800 522 3834 om.
534 3786 564 3835 P.

226 3851 240 3912 ἓ
254 3858 293 3902 59.
313 3851 428 3915 diximus,
440 3853 599 3904 RTPKad.
618 3851 728 3912 doinus,
739 3846 768 3912 β.
792 3852 851 3902 Vid.
864 3850 879 3913 ξ
892 3860 1010 3904 32-34.
1032 3893 1060 3901 ..
1081 3853 1153 3914 sitas,
1166 3867 1217 3903 om.
1228 3853 1258 3902 P.
1279 3892 1310 3900 -

192 3935 244 3968 cnm
261 3938 294 3979 eo,
311 3936 361 3972 om.
379 3923 428 3972 ΒῙ.
453 3962 484 3971 ..
507 3918 636 3981 mutumne,
653 3934 703 3969 om.
722 3922 763 3970 d¹.
788 3960 819 3969 -
843 3917 1057 3984 incontentae.
1086 3919 1268 3982 descendentes,
1287 3921 1311 3970 d.

348 4014 363 4041 a
515 4004 553 4041 den

193 4050 348 4103 descendente
361 4092 367 4115 ‚
379 4057 404 4106 Β
414 4057 429 4104 ¹.
449 4052 564 4117 descente,
576 4072 599 4105 a.
618 4053 728 4116 ducente,
741 4057 805 4106 liber
817 4057 928 4119 optimus
940 4055 1018 4108 Selm.
1032 4072 1114 4107 exerc.
1133 4070 1157 4120 p.
1172 4061 1229 4106 508.
1242 4071 1265 4104 a.
1277 4056 1311 4105 A

193 4116 325 4181 discedunt,
338 4123 362 4172 Β
370 4125 387 4171 ².
407 4121 464 4172 Om.
477 4123 506 4172 P.
520 4164 550 4171 -
563 4124 681 4183 undenis‚·
698 4125 831 4174 duodecim
843 4131 927 4187 partes
939 4125 1053 4175 tribuunt
1064 4125 1174 4176 Saturno
1186 4123 1312 4174 Firminus

192 4193 216 4247 2,
233 4192 265 4247 9.,
283 4189 476 4253 Martiancap.
490 4197 513 4240 8.
532 4189 547 4251 §
566 4197 623 4241 886.
643 4233 674 4240 -
693 4201 805 4251 contactu,
824 4191 942 4241 Sabellio.
959 4194 1060 4244 RPad.
1086 4201 1217 4253 connecto,
1235 4205 1259 4241 σ,
1279 4232 1311 4240 -

192 4264 313 4319 replentur,
330 4250 470 4307 RTOasr
486 4255 556 4318 (libri
572 4259 684 4309 Turnebi
702 4262 757 4310 adv.
777 4264 816 4320 18,
835 4257 888 4322 14.)
906 4269 1023 4326 tepenter,
1040 4255 1096 4322 Ρβ.
1114 4261 1173 4311 vid.
1191 4260 1310 4311 Martiam
