2888 4794
186 289 220 329 vr
506 276 509 281 '
650 291 841 335 rmursrro.

185 460 265 512 eam,
289 442 354 518 ipse
372 458 450 500 unus
469 442 600 501 omnium
618 461 751 503 meorum
770 445 913 503 librorum
932 440 963 515 2,
978 437 1052 503 230.
1073 444 1162 502 habet
1182 441 1304 514 Penius,

183 559 265 609 reeta
284 551 458 609 confirmans
475 551 630 612 lectionem
651 549 687 634 {33
708 555 815 613 melius
835 572 924 628 quam
943 554 1065 629 vulgata
1084 553 1231 628 scriptura
1243 554 1305 612 Ps-

184 681 254 721 neua
279 680 295 720 a
319 661 463 720 eodiorlrm
481 658 609 723 Barbari
631 663 739 723 hausta
762 665 847 722 dooet
869 664 922 722 illa
945 663 1090 738 originem
1116 681 1250 722 errorum
1274 661 1307 720 in

184 772 319 831 omnibus
339 771 459 846 reliquis
478 773 626 833 eodiorltus
644 775 831 850 regnantium
846 777 964 850 pandus
979 773 1027 832 val
1041 774 1185 848 poenitus.
1215 768 1306 831 simi-

183 881 249 941 liter
263 878 297 953 2,
314 876 387 940 232.
407 901 485 941 unus
503 884 598 942 codex
614 883 648 943 A
665 893 744 943 reete
764 886 855 943 habet
873 887 944 961 fons
969 886 1070 958 larque
1094 883 1253 941 iotumasoit
1271 899 1308 940 oo

183 993 294 1063 residit,
314 992 394 1064 quod
412 1011 471 1050 usu
483 990 620 1053 Pliniano
640 994 863 1070 oomprobatum
882 994 988 1052 esteris
1007 992 1183 1051 lectionibus
1201 992 1307 1051 resedit

181 1101 232 1161 val
245 1104 350 1161 residet
363 1101 599 1178 praeferendum.
627 1101 811 1180 Scriptorum
825 1103 1085 1179 Dalsoampianam
1105 1109 1136 1160 et
1154 1101 1308 1175 vulgatam

182 1190 577 1270 HarduinossBroterianam
596 1230 614 1289 γ
633 1232 712 1272 unus
737 1214 788 1272 ille
813 1231 916 1272 rursus
941 1213 1095 1271 confirmat
1111 1207 1143 1284 4,
1158 1206 1210 1269 24.
1232 1229 1308 1288 por·

183 1331 230 1380 tua
244 1367 287 1378 ..
300 1319 422 1380 Atlanta
444 1324 544 1393 iuneti,
565 1323 616 1381 ubi
635 1323 741 1398 reliqui
761 1324 821 1381 duo
843 1324 895 1398 qui
915 1322 987 1381 mihi
1005 1322 1044 1380 ad
1064 1337 1169 1380 manus
1186 1319 1309 1379 fuorunt

183 1426 253 1488 libri
267 1430 322 1488 Rd
341 1429 418 1488 male
437 1431 575 1490 exhident
592 1435 707 1504 iuuetis,
729 1433 808 1509 quod
825 1441 924 1491 ortum
943 1449 1009 1490 esse
1022 1450 1061 1490 ex
1073 1429 1309 1489 homoeoteleuto
1389 1466 1395 1477 ι

183 1538 334 1615 proximae
358 1540 439 1599 voris
462 1558 550 1600 nemo
568 1559 626 1599 non
651 1542 741 1601 videt.
767 1541 828 1602 Uti
847 1549 945 1600 tamen
965 1542 1018 1600 vix
1041 1541 1132 1599 ullius
1158 1538 1309 1616 scriptoris

184 1649 277 1708 sodex
294 1648 459 1722 invenitur,
485 1651 537 1724 qui
555 1669 678 1728 prorsus
700 1653 738 1710 sit
757 1652 893 1710 immunis
914 1651 953 1709 ab
973 1651 1053 1709 omni
1073 1649 1308 1726 interpolatione,

183 1757 225 1817 ita
239 1764 270 1816 et
283 1759 376 1817 oodex
389 1758 422 1818 A
435 1757 492 1818 hae
504 1761 571 1819 labe
584 1779 644 1819 non
657 1763 696 1821 ab
710 1762 789 1819 omni
805 1768 890 1836 parte
908 1769 955 1819 est
970 1760 1058 1831 liber,
1076 1779 1136 1819 non
1154 1759 1234 1834 quod
1252 1760 1308 1817 bo·

184 1887 256 1928 num
275 1869 339 1928 eius
359 1869 511 1929 hlorarium
532 1871 592 1929 tale
610 1871 682 1947 quid
700 1872 865 1948 suscepisse
883 1879 1002 1947 putem,
1024 1869 1076 1928 sed
1094 1847 1174 1945 quod
1194 1867 1309 1927 dosori-

183 1987 253 2056 ptus
277 1989 323 2039 est
347 1981 482 2040 eoodioe
507 1982 566 2041 iam
591 1983 777 2059 interpolato.
809 1974 859 2040 Ita
879 1978 910 2052 2,
926 1976 999 2040 234.
1021 1999 1088 2038 oum
1112 1979 1211 2038 eodioe
1235 1978 1255 2036 d
1280 1985 1311 2037 et

184 2089 360 2149 editionibus
376 2085 416 2169 βγ
435 2109 475 2148 ex
493 2091 716 2168 interpolatione
737 2091 850 2150 librarii
870 2091 996 2149 alieuius
1017 2090 1097 2148 dedit
1109 2090 1240 2164 Iamque,
1258 2087 1311 2147 ubi

183 2197 298 2257 codices
312 2198 399 2256 ceteri
413 2217 515 2256 omnes
530 2190 823 2276 Namque'exhibent,
843 2200 923 2275 quod
941 2200 1011 2259 usui
1023 2197 1115 2258 Plinii
1133 2199 1164 2257 iu
1183 2196 1311 2257 transitu

182 2309 220 2366 ab
234 2306 295 2364 alia
312 2325 345 2365 re
363 2307 402 2365 ad
416 2307 504 2366 aliam
522 2307 603 2366 haud
622 2328 691 2368 raro
706 2309 869 2368 duriusculi
883 2311 998 2385 egregie
1018 2311 1185 2386 respondet.
1211 2306 1312 2367 Maior

182 2417 380 2492 interpolatio,
403 2436 480 2494 quae
494 2419 602 2496 partim
623 2428 653 2478 et
665 2420 696 2478 in
710 2420 783 2478 alios
798 2421 911 2479 oodiees
918 2400 1052 2498 irrepsit,
1070 2419 1197 2479 fortasse
1212 2424 1312 2477 exstat

77 2519 79 2525 ’
183 2521 215 2598 5,
237 2523 320 2600 133„
341 2529 393 2586 ubi
412 2547 468 2605 pro
488 2547 523 2587 eo
545 2530 624 2604 quod
645 2549 684 2588 ex
697 2530 762 2588 aliis
784 2531 932 2590 codicibus
946 2531 1058 2589 dudum
1077 2538 1123 2589 est
1142 2530 1310 2588 restitutum

183 2639 249 2696 olr'm
264 2636 398 2714 liliam-oa,
420 2639 513 2699 codex
525 2640 558 2698 A
583 2659 693 2699 novam
711 2641 839 2699 insulem
858 2641 943 2716 fingit
955 2642 1086 2699 Elimeia
1099 2639 1202 2716 Syros,
1220 2655 1311 2714 quam

182 2754 281 2806 tamen
295 2747 569 2810 Schneidewini
590 2751 758 2810 coniectura
778 2745 824 2830 (v.
847 2745 1019 2830 comment.)
1038 2767 1098 2809 non
1118 2750 1182 2809 sine
1200 2748 1311 2823 probe·

183 2857 304 2917 bilitatis
322 2860 421 2934 speeie
440 2861 580 2920 vindieat.
614 2859 889 2938 splendidissimam
909 2880 980 2919 vero
993 2859 1250 2936 interpolationem
1263 2856 1312 2915 vi-

183 2969 287 3026 demus
304 2963 334 3039 5,
346 2955 393 3039 2.,
407 2969 458 3026 ubi
480 2987 534 3045 pro
550 2987 586 3027 eo
600 2971 679 3044 quod
692 2970 833 3028 editiones
848 2976 878 3028 et
890 2970 960 3029 boni
973 2970 1087 3029 oodioes
1101 2969 1210 3028 habent
1225 2967 1313 3026 Olau-

184 3079 249 3148 dio,
277 3077 309 3134 in
329 3077 427 3136 oodIoe
445 3076 478 3136 A
494 3089 605 3138 rentum
624 3081 835 3154 quinquaqinta
853 3082 933 3139 milio
955 3079 1080 3156 legitur,
1107 3079 1159 3154 qui
1176 3075 1314 3135 immanis

184 3204 267 3244 error
287 3187 434 3262 quomodo
456 3191 539 3246 ortus
559 3187 606 3260 sit,
629 3189 716 3246 dooet
734 3188 829 3246 codex
848 3188 889 3260 D,
911 3189 943 3247 in
961 3207 1021 3263 quo
1039 3190 1072 3249 0.
1086 3189 1126 3246 L.
1144 3186 1312 3254 invenitur3

185 3297 349 3373 comparari
368 3295 425 3356 hoo
444 3305 542 3372 potest
563 3315 630 3356 eum
648 3294 1078 3375 interpolationeelemen833,
1095 3292 1167 3357 145.
1188 3296 1220 3353 in
1234 3294 1313 3355 oodi·

185 3409 268 3466 oibus
282 3406 355 3479 ve.
376 3406 503 3466 Illarum
522 3407 781 3484 interpolationem
802 3416 953 3468 auctorem
971 3408 1099 3467 fortasse
1111 3404 1315 3484 deprehendes

186 3536 225 3574 ex
242 3516 307 3592 ipso
329 3517 387 3575 hoc
405 3516 497 3588 libro,
519 3518 551 3575 in
572 3536 631 3593 quo
652 3537 728 3594 pone
748 3519 859 3578 librum
878 3520 935 3579 IV.
956 3520 1098 3594 leguntur
1115 3519 1189 3576 haee
1206 3514 1313 3573 verber

187 3629 327 3686 Falioiter
354 3627 458 3686 Iunius
478 3627 653 3688 Laut-anaor
676 3622 749 3710 (sio)
779 3632 883 3706 relepi,
913 3631 993 3704 quod
1017 3646 1124 3686 nomen
1149 3646 1188 3685 ex
1210 3626 1319 3684 Iunias>
1410 3686 1414 3690 Α

186 3739 299 3797 Lurius
323 3736 499 3797 Aurelianus
530 3747 701 3814 corruptum
732 3757 797 3798 esse
826 3738 1065 3800 Schneidewinus
1094 3741 1189 3813 putat.
1217 3734 1316 3792 Tran-

189 3848 300 3923 soripte
316 3847 390 3907 haee
409 3865 475 3907 esso
494 3868 513 3907 a
531 3846 653 3907 librario
675 3849 782 3907 oodiois
799 3849 831 3908 A
852 3867 891 3907 ex
908 3850 1069 3926 archetypo
1091 3853 1215 3907 nonest
1234 3842 1317 3919 quod

189 3958 369 4031 dubitemus,
387 3958 519 4035 illudque
539 3976 645 4017 nomen
665 3956 882 4018 Schneidewini
899 3958 988 4039 indioi
1009 3957 1242 4033 subscriptorum
1259 3953 1316 4011 ad·

190 4069 335 4139 dendum3
362 4069 431 4128 vide
455 4069 543 4129 huius
567 4071 701 4147 prolegg.
727 4070 766 4128 ad
789 4070 959 4129 Martialem
977 4087 1008 4146 p.
1034 4065 1148 4137 CVIII.
1170 4085 1216 4142 eq.
1246 4062 1314 4125 ooll-

190 4177 326 4238 Lersohii
349 4179 552 4239 dissertatione
576 4181 607 4239 in
626 4183 667 4240 M
668 4200 788 4242 orrum
812 4182 863 4240 dos
888 4173 1317 4253 sedasset-Westptezeeten

191 4289 508 4351 Solulmdnnaroereino
521 4288 581 4349 111.
596 4285 668 4348 229.
685 4308 749 4365 sqq.
