2888 4794
413 1045 466 1148 C.
504 1045 678 1148 PLlNl
715 1043 1002 1149 SECUNDI

146 1301 149 1306 ’
214 1273 705 1399 NATURALIS
742 1272 1206 1398 HISTORIAE

593 1491 742 1566 LIBER
768 1491 833 1566 IV.

543 1681 889 1689 ma*

206 1827 311 1896 secr.
337 1834 365 1896 1.
411 1799 555 1902 Tertius
580 1835 732 1921 Europae
765 1835 855 1900 sinus
881 1824 1129 1904 Acrocerauniis
1161 1829 1302 1917 incipits

152 1932 332 2013 montibus,
366 1934 477 2000 finitur
497 1936 723 2023 Hellesponto,
753 1936 956 2022 amplectitur
982 1945 1110 2021 praeter
1136 1931 1276 2024 minores

153 2034 242 2099 sinus
263 2057 335 2114 xix,
347 2059 419 2101 xxv
441 2029 576 2103 centena
596 2037 685 2103 milia
705 2060 869 2124 passuum.
904 2036 944 2100 In
966 2059 1004 2100 eo
1017 2034 1147 2122 Epiros,
1170 2033 1275 2099 Acar-

152 2134 260 2214 nania,
283 2138 423 2216 Aetolia,
445 2121 574 2217 Phocis,
595 2136 721 2215 Locris,
743 2137 880 2216 Achaia,
906 2135 1081 2214 Messenia,
1103 2134 1274 2213 Laconica,

151 2235 295 2324 Argolis,
324 2236 482 2325 Megaris,
510 2240 631 2319 Attice,
659 2238 805 2317 Boeotia,
835 2239 1015 2323 iterumque
1044 2236 1084 2301 ab
1112 2237 1174 2302 alio
1194 2235 1275 2301 mari

152 2339 265 2403 eadem
291 2339 410 2406 Phocis
441 2353 473 2406 et
498 2340 624 2420 Locris,
653 2340 762 2420 Doris,
792 2339 965 2418 Phthiotis,
994 2336 1171 2415 Thessalia,
1199 2334 1274 2401 Ma-

152 2442 274 2528 gnesia,
297 2441 500 2522 Macedonia,
523 2443 672 2510 Thracia.
696 2440 812 2507 Omnis
829 2439 986 2508 Graeciae
1000 2439 1191 2508 fabulositas
1213 2437 1275 2504 sic-

150 2553 188 2605 ut
209 2554 242 2608 et
262 2545 440 2611 litterarum
462 2546 589 2610 claritas
612 2569 653 2610 ex
683 2545 744 2609 hoc
770 2545 911 2630 primum
939 2545 1010 2609 sinu
1037 2543 1167 2620 effulsit,
1197 2559 1274 2626 qua·-

151 2656 283 2732 propter
304 2646 471 2730 paululum
492 2647 526 2711 in
549 2669 586 2713 eo
609 2645 884 2712 commorabimur.
908 2645 1027 2730 Epiros
1041 2645 1074 2709 in
1088 2644 1304 2709 universuma

151 2746 312 2832 appellata
332 2745 580 2812 Acrocerauniis
602 2739 717 2832 incipit
737 2746 910 2812 montibus.
931 2746 971 2810 In
993 2768 1031 2811 ea
1051 2745 1146 2833 primi
1167 2742 1274 2810 Chao·

49 2832 54 2847 ’
113 2833 123 2841 ”
151 2868 209 2910 nes
230 2869 251 2909 a
272 2846 390 2929 quibus
414 2844 569 2926 Chaonia,
597 2849 672 2914 dein
693 2847 879 2933 Thesproti,
905 2847 1156 2936 Antigonenses,
1185 2847 1275 2913 locus

150 2946 280 3011 Aornos
303 2958 335 3012 et
356 2949 510 3034 pestifera
527 2950 641 3016 avibus
657 2950 825 3026 exhalatio,
850 2945 1002 3028 Cestrini,
1025 2949 1179 3015 Perraebi
1194 2971 1274 3035 quo-

151 3071 222 3112 rum
248 3071 340 3114 mons
366 3050 507 3131 Pindus,
537 3050 736 3138 Cassiopaei,
765 3050 931 3137 Dryopes,
961 3048 1077 3132 Selloe,
1107 3042 1274 3140 Hellopes,

151 3146 285 3217 Molossi
306 3152 393 3239 apud
415 3175 496 3239 quos
509 3153 678 3220 Dodonaei
693 3152 780 3217 Iovis
803 3153 958 3239 templum
979 3154 1107 3220 oraculo
1127 3155 1273 3236 inlustre,

183 3327 227 3377 Ad
238 3327 308 3376 huno
318 3326 412 3377 librum
423 3328 472 3378 toti
483 3327 584 3376 excussi
594 3334 654 3375 sunt
664 3326 720 3375 ΒΑ
731 3322 759 3389 (§
773 3329 863 3376 1-75.
883 3331 1008 3379 stt-107.
1028 3328 1182 3393 117-122.)
1195 3335 1224 3395 d3
1241 3335 1274 3382 ad

151 3392 165 3453 §
180 3400 219 3444 ll.
233 3401 273 3444 44.
289 3397 328 3445 78.
342 3400 383 3445 82.
396 3399 436 3445 87.
449 3400 489 3444 92.
503 3400 543 3445 95·
558 3400 614 3443 l2l.
628 3400 684 3443 122.
696 3409 721 3457 p.

184 3464 235 3525 §L
257 3461 342 3522 XIX,
358 3461 431 3511 R²A
447 3458 577 3522 (Martian.
595 3467 618 3520 6,
631 3459 702 3523 651.)
719 3460 787 3523 XX,
800 3455 878 3512 θΤό.
901 3464 932 3513 In
943 3464 983 3512 R¹
997 3477 1116 3514 numerus
1128 3478 1221 3516 erasus.
1241 3506 1272 3516 ..

151 3528 246 3588 XXV,
257 3529 338 3578 R¹A.
357 3528 469 3590 XXVI,
486 3522 564 3580 OTd.
583 3569 614 3578 -
632 3527 733 3593 Epiros,
745 3531 807 3580 EA.
825 3529 927 3595 Epirus,
939 3527 1009 3595 dssr.
1023 3572 1054 3580 ...
1073 3529 1208 3592 Laconico,
1220 3532 1272 3583 Ra.

150 3593 272 3658 Laconia,
283 3593 363 3659 Adss.
386 3637 412 3645 ..
432 3595 564 3662 Argolicis,
575 3598 609 3647 A.
623 3638 655 3645 -
672 3596 762 3660 Attice,
774 3599 857 3650 RAd.
874 3598 967 3662 Αἰτίαι,
978 3595 1029 3664 fir.
1048 3641 1080 3648 -
1098 3601 1129 3650 ab
1142 3599 1198 3660 alio,
1209 3601 1273 3651 Bar·

149 3664 201 3714 bar.
213 3666 299 3715 RAd.
317 3666 348 3713 ab
360 3663 421 3725 clia,
433 3679 457 3715 σ.
476 3664 534 3728 alio,
545 3665 671 3716 Harduini
683 3679 782 3729 operae,
793 3681 818 3732 γ.
832 3709 864 3716 -
882 3667 954 3727 mari,
967 3683 1018 3717 om.
1030 3669 1061 3718 T.
1081 3708 1112 3716 -
1130 3665 1226 3729 Locris,
1237 3668 1272 3718 A.

150 3729 174 3778 in
185 3731 372 3793 moriame.
392 3774 424 3781 ..
445 3731 536 3792 Omnis,
546 3735 588 3784 R¹
601 3748 695 3782 rasura.
709 3775 741 3782 ..
760 3733 906 3798 litterarum,
917 3735 952 3786 A.
971 3777 1003 3784 -
1017 3733 1148 3800 paululum
1160 3733 1184 3784 in
1195 3751 1230 3796 co,
1246 3735 1273 3785 A

150 3792 242 3860 (Roh.)
250 3838 253 3844 .
256 3798 385 3863 paululum
397 3807 421 3848 et
432 3800 457 3848 iu
469 3816 504 3862 eo,
516 3801 599 3851 RTd.
618 3802 643 3850 t'n
656 3818 682 3850 eo
691 3801 827 3865 paululum,
838 3800 890 3868 βγ.
904 3843 935 3852 ..
947 3801 1153 3863 commorabimur,
1164 3800 1199 3851 A.
1211 3818 1271 3854 eom·

149 3865 338 3926 memorabimus,
350 3868 400 3917 12².
418 3867 659 3930 commmtorooimas,
671 3871 743 3920 R¹d.

183 3933 234 3994 52.
252 3931 409 3994 Aceraunit's,
421 3934 454 3982 A.
472 3931 619 3996 Aceraunis,
631 3937 682 3985 R2.
709 3932 849 3997 Cerauniis,
861 3940 885 3988 d.
906 3935 1093 3998 cerauniam
1117 3935 1236 3990 Ceterum
1246 3952 1270 3988 v.

149 4000 267 4050 Martian.
279 4001 297 4049 l.
309 4001 326 4049 l.
345 4041 377 4049 ..
400 3998 524 4065 Tesproci,
536 4003 590 4052 Rd.
610 4043 642 4052 ..
660 4001 731 4065 locos,
743 4003 771 4053 A
779 4006 795 4052 ¹.
814 4002 892 4065 lacos,
903 4004 930 4054 A
938 4007 955 4054 ².
978 4004 1056 4066 lacus,
1068 4005 1226 4056 Freinshem.
1238 4009 1271 4058 ul

149 4066 221 4117 Cart.
234 4068 295 4118 VII.
311 4073 386 4130 ll,2.
406 4107 437 4116 -
455 4067 560 4129 Aornos,
578 4070 627 4120 rid.
640 4069 729 4134 Steph.
741 4073 804 4134 Bya.
821 4086 841 4120 s.
853 4073 879 4122 h.
891 4086 916 4121 v.
942 4069 1115 4134 Aornoulcz
1141 4069 1270 4139 Haemon,

148 4135 182 4184 A.
205 4133 297 4197 Aemo,
309 4137 358 4187 R¹.
385 4135 478 4197 Aorno,
490 4137 514 4186 d.
534 4177 565 4185 -
587 4133 741 4202 Gossiopcei,
754 4140 777 4188 d.
807 4134 948 4204 Gasmpaei,
963 4139 1026 4190 BA.
1055 4137 1183 4207 Cassapoi,
1193 4156 1217 4191 σ.
1238 4183 1269 4193 -

150 4201 241 4266 Selloe,
259 4204 295 4254 ita
310 4219 358 4254 nos
374 4204 527 4268 scripsimus.
549 4200 647 4265 Selloe,
663 4205 727 4257 BA.
750 4201 819 4267 Selli,
835 4203 904 4271 ᾱβγ.
928 4202 1020 4269 Sellae,
1035 4209 1068 4260 K.
1092 4249 1124 4260 ...
1145 4206 1269 4276 Helops,

148 4270 252 4325 Barbas.
274 4270 385 4338 Pelopes,
397 4273 450 4322 Rd.
472 4269 582 4336 Pilopes,
595 4272 628 4322 A.
651 4271 762 4337 Pelopea,
774 4288 797 4322 a.
817 4315 848 4325 ..
867 4274 969 4325 oraculo
981 4272 1110 4339 inlusum,
1122 4277 1155 4330 A.
