2888 4794
367 317 438 362 mn.
454 318 491 363 11.
522 314 600 363 ose.
618 317 827 363 xxm-xxv.
860 317 957 365 sncr.
974 319 1064 363 rona
1217 303 1278 390 131·

157 481 222 534 tam
244 469 312 535 fere
333 480 458 555 partem
478 469 572 534 huius
591 468 726 534 inmensi
742 470 836 555 spati,
860 470 946 553 quod
970 470 1054 536 circa
1076 481 1192 538 terram
1214 472 1277 538 cir·

157 572 221 638 culi
243 571 354 637 solaris
376 571 482 637 animo
508 571 796 657 conprehenditur,
825 571 929 637 inesse
957 573 1133 640 altitudinis
1161 574 1276 660 spatio,

156 675 249 740 lunae
272 696 349 739 vero
371 673 613 752 duodecimam,
646 674 794 757 quoniam
824 684 911 738 tanto
940 675 1085 740 breviore
1113 697 1208 759 quam
1230 677 1290 741 sol

155 777 277 842 ambitu
299 776 426 853 currits
445 775 491 840 ita
512 775 582 842 fieri
605 798 675 841 eam
701 775 808 841 medio
836 777 911 841 solis
939 798 977 841 ac
1005 787 1119 842 terrae.
1154 776 1322 844 Mirumst

76 865 82 884 ⁸
155 900 218 963 quo
239 878 394 965 procedat
419 877 596 963 inprobitas
624 877 729 943 cordis
756 877 886 942 humani
912 880 1043 964 parvolo
1065 879 1171 963 aliquo
1192 879 1276 947 invi-

156 988 221 1044 tata
243 1001 416 1057 successu,
447 979 530 1044 siout
554 980 588 1044 in
614 1002 712 1065 supra
733 979 826 1044 dictis
848 979 1048 1045 occasionem
1070 980 1276 1067 inpudentiae

102 1113 105 1118 ·
154 1081 236 1145 ratio
262 1081 415 1168 largitum
450 1081 583 1166 ausique
610 1081 754 1145 divinare
782 1081 857 1147 solis
883 1081 925 1146 ad
953 1091 1069 1146 terram
1096 1083 1200 1173 spatia
1222 1105 1276 1148 ea-

155 1182 229 1247 dem
251 1183 293 1246 ad
315 1183 439 1250 caelum
460 1194 577 1270 agunt,
606 1183 756 1267 quoniam
779 1183 820 1246 sit
841 1183 968 1248 medius
991 1184 1053 1261 sol,
1076 1195 1113 1248 ut
1131 1185 1277 1271 protinus

154 1284 266 1349 mundi
293 1305 421 1368 quoque
450 1285 551 1372 ipsius
578 1306 728 1350 mensura
754 1285 863 1349 veniat
894 1284 935 1348 ad
965 1283 1093 1370 digitos.
1132 1284 1277 1367 Quantas

155 1384 240 1452 enim
255 1386 423 1452 dimetiens
437 1386 554 1453 habeat
571 1396 745 1472 septumas,
770 1396 874 1450 tantas
895 1385 1014 1476 habere
1036 1387 1191 1452 circulum
1213 1387 1278 1454 duo

155 1499 187 1553 et
207 1487 396 1567 vicesimas,
428 1499 589 1571 tamquam
614 1488 708 1574 plane
731 1511 750 1551 a
771 1487 1004 1573 perpendiculo
1026 1511 1177 1554 mensura
1198 1491 1278 1557 caeli

155 1600 289 1657 constet.
323 1589 490 1678 Aegyptia
510 1590 602 1668 ratio,
626 1611 722 1673 quam
736 1589 891 1654 Petosiris
914 1598 947 1654 et
960 1588 1148 1678 Nechepsos
1169 1602 1277 1656 osten·
1290 1608 1323 1653 88

152 1693 240 1771 dere,
264 1693 406 1780 singulas
421 1691 523 1777 partis
536 1691 570 1756 in
584 1691 688 1757 lunari
709 1691 841 1770 circulo,
864 1702 902 1756 ut
917 1690 1113 1772 dictumest,
1136 1693 1277 1758 minume

154 1793 286 1882 triginta
308 1794 411 1860 tribus
438 1793 550 1859 stadiis
575 1792 672 1878 paulo
694 1793 832 1878 amplius
853 1803 965 1878 patere
988 1794 1129 1881 colligit,
1157 1796 1191 1861 in
1214 1792 1277 1861 Sa-

153 1897 238 1961 turni
260 1895 456 1982 amplissimo
477 1895 627 1980 duplum,
649 1894 684 1958 in
706 1894 792 1972 solis,
817 1916 914 1977 quem
935 1894 1075 1959 medium
1098 1918 1168 1961 esse
1191 1896 1275 1961 dixi-

151 2021 239 2077 mus,
262 1998 432 2081 utriusque
452 2019 621 2062 mensurae
643 1995 821 2061 dimidium.
856 1993 950 2076 Quae
966 1998 1149 2081 conputatio
1163 1997 1276 2083 pluru-

150 2124 239 2165 mum
252 2100 349 2166 habet
364 2099 507 2186 pudoris,
532 2099 683 2182 quoniam
704 2100 746 2163 ad
769 2095 900 2164 Saturni
923 2097 1077 2171 circulum
1099 2099 1209 2165 addito
1231 2101 1275 2166 si-

78 2222 82 2228 ·
150 2201 270 2290 gniferi
283 2202 385 2288 ipsius
400 2201 567 2268 intervallo
581 2224 642 2268 nec
655 2200 862 2267 numerabilis
880 2199 1103 2286 multiplicatio
1127 2203 1274 2268 efficitur.

180 2304 317 2372 XXIV.
333 2307 383 2370 22.
395 2305 533 2371 Restant
542 2328 647 2391 pauca
658 2304 699 2369 de
709 2303 849 2379 mund03
865 2323 1003 2387 namque
1015 2313 1048 2368 e‘t
1058 2304 1092 2368 in
1103 2305 1173 2391 ipso
1185 2304 1274 2369 caelo
1288 2316 1320 2361 8⁹

150 2408 259 2475 stellae
281 2419 414 2494 repente
435 2418 620 2473 nascuntur.
650 2407 749 2475 Plura
772 2429 881 2471 earum
902 2428 1032 2494 genera.
1066 2405 1182 2473 XXV.
1207 2403 1272 2475 Co·

148 2520 250 2576 metas
279 2508 397 2576 Graeci
423 2521 556 2589 vocant,
590 2511 691 2574 nostri
718 2509 864 2586 crinitas,
894 2508 1055 2580 horrentis
1083 2510 1170 2573 crine
1198 2531 1272 2577 san·

149 2612 268 2699 guineo
295 2622 327 2677 et
354 2634 516 2678 comarum
542 2611 637 2674 modo
664 2611 698 2674 in
722 2611 876 2675 verticem
902 2609 1063 2694 hispidas3
1098 2611 1183 2675 idem
1211 2633 1271 2697 po-

148 2714 282 2801 gonias,
313 2712 405 2779 cuius
431 2712 582 2777 inferiore
610 2733 651 2775 ex
677 2721 767 2796 parte
794 2710 828 2774 in
857 2710 997 2793 speciem
1017 2709 1136 2775 barbae
1157 2712 1272 2798 longae

148 2881 185 2927 d'.
214 2919 244 2925 -
272 2874 443 2935 adcircalnm,
463 2877 507 2926 R2.
534 2875 632 2936 circuli,
653 2874 747 2925 Sabell.
776 2914 807 2922 -
834 2880 930 2922 sextam
951 2889 1017 2935 vero,
1038 2888 1062 2924 σ.
1089 2875 1272 2939 seraqesimam,

148 2945 242 2994 Sabell.
262 2985 292 2990 -
317 2941 382 3006 qaod
393 2985 425 2992 ..
441 2943 522 3008 spatio
533 2958 583 2991 om.
596 2946 631 2992 a'.
655 2983 686 2991 ..
710 2940 854 3002 larinates,
867 2942 897 2992 T.
917 2944 948 2990 ’-
966 2941 1058 3007 spatio,
1081 2944 1161 2993 3²2².
1185 2943 1272 3008 spatii,

147 3013 244 3060 R'Pd.
265 3009 323 3060 Om.
344 3012 374 3060 a¹
403 3007 463 3073 (u'd.
489 3009 586 3074 supra.)
614 3052 644 3059 ..
672 3025 731 3059 vero
752 3007 834 3071 lanae,
855 3009 884 3058 Ρ.
904 3050 936 3058 ..
945 3004 1182 3074 flecterem.
1192 3012 1272 3075 serra,

148 3073 217 3142 8βγ.
237 3119 268 3127 ..
287 3078 487 3141 mediatenus.
507 3079 532 3127 in
544 3077 631 3137 medio,
642 3072 719 3142 Ρβγ.

181 3148 249 3210 887.
267 3144 371 3208 Mirum,
383 3148 436 3197 Rd.
454 3147 547 3219 Miror,
563 3148 625 3196 Par
644 3142 773 3208 (Robert.)
793 3187 824 3195 ..
839 3145 951 3211 parvuli,
968 3147 999 3197 P.
1019 3187 1050 3195 ..
1069 3146 1182 3209 invitata,
1198 3149 1270 3198 Rad.

147 3213 245 3276 iniusta,
257 3214 287 3265 P.
305 3215 406 3276 nodata,
422 3231 509 3279 margo
521 3216 553 3265 R.
572 3256 604 3263 ..
621 3230 702 3277 snpra
714 3214 747 3275 in,
759 3215 788 3264 P.
807 3255 839 3262 -
858 3215 990 3275 occasione,
1001 3215 1031 3264 P.
1051 3256 1083 3263 -
1100 3215 1139 3265 sol
1149 3225 1182 3275 at,
1198 3216 1270 3265 Rad

146 3280 200 3344 soli,
220 3285 249 3334 P.
269 3325 299 3333 .-
319 3284 452 3343 conveniat,
474 3287 502 3334 P.
523 3324 553 3331 -
573 3281 615 3343 od,
636 3283 668 3331 R.
695 3282 729 3343 in,
749 3282 820 3332 Pad.
839 3323 870 3331 -
895 3283 987 3345 diqios,
1008 3284 1053 3333 R¹.
1079 3324 1109 3331 ..
1134 3282 1271 3343 dimetiens,

146 3351 219 3401 Rad.
242 3349 408 3413 dimensiones,
425 3352 454 3401 P.
478 3350 654 3410 dissentientes,
671 3362 695 3398 σ.
719 3347 859 3410 diametros,
877 3349 972 3400 Sabell.
996 3391 1027 3399 ..
1053 3348 1151 3411 lateat,
1168 3352 1270 3401 RPad.

146 3416 223 3479 labet,
235 3415 286 3484 βγ.
306 3461 337 3468 ,.
356 3427 489 3484 septennes,
501 3419 575 3468 Rad.
594 3418 718 3481 septimas,
729 3413 808 3481 Por.
829 3458 859 3465 ..
875 3417 1013 3480 penda'enlo,
1025 3419 1055 3466 P.
1232 3459 1233 3462 ,

171 3488 186 3549 ξ
199 3492 239 3536 88.
251 3485 379 3552 Aeyyptio,
391 3487 436 3536 R'.
450 3526 481 3534 ..
493 3483 640 3548 Nechepsos,
653 3486 753 3534 RPad.
766 3481 899 3548 Necepsos,
908 3479 931 3545 β
935 3498 960 3548 γ.
974 3523 1006 3532 ..
1018 3483 1115 3543 circulo,
1124 3484 1228 3533 Barbar.
1240 3524 1271 3532 -

145 3552 291 3613 dictumest,
304 3556 318 3618 ξ
331 3559 371 3602 44.
385 3594 416 3601 -
429 3551 455 3602 in
467 3554 570 3611 minimo,
582 3554 611 3601 P.
626 3593 657 3600 -
677 3552 780 3616 triginta
798 3551 879 3612 VIII,
891 3553 928 3600 d'.
947 3591 978 3600 -
997 3547 1098 3612 stadiis,
1110 3551 1159 3600 Pa.
1178 3546 1272 3609 stadio,

144 3620 177 3669 R.
195 3620 338 3681 stadiorum,
350 3623 374 3670 d.
394 3662 426 3669 -
445 3620 604 3686 amplissimo,
621 3621 735 3670 RPald.
759 3620 873 3683 amplius,
890 3621 926 3668 a¹.
947 3659 978 3667 ..
998 3616 1115 3678 dirimas,
1132 3613 1199 3674 535.
1214 3616 1271 3667 Om.

144 3688 173 3736 P.
195 3729 224 3737 -
243 3689 329 3753 ursina
345 3701 395 3737 om.
414 3689 445 3738 T.
465 3730 497 3737 -
528 3703 571 3737 nec
588 3687 754 3747 numerabilis,
771 3689 876 3737 RTdc.
912 3683 1108 3745 innumerabilis,
1125 3679 1271 3748 Ρ(7)8βγ.

143 3753 226 3805 Neci.
240 3770 261 3804 e.
273 3771 306 3805 ne
319 3796 350 3805 -
363 3757 479 3819 quidem3
502 3757 552 3805 vid.
572 3759 611 3816 17,
630 3762 653 3806 8.
678 3756 736 3804 8811.
754 3754 869 3805 Oudend.
887 3757 919 3804 ad
936 3753 1034 3817 Appul.
1053 3754 1157 3802 Metam.
1175 3767 1199 3814 p.
1215 3755 1272 3802 187.

143 3822 236 3884 Wagn.
249 3826 283 3872 ad
294 3824 373 3885 Verg.
385 3824 440 3872 Ecl.
453 3831 477 3881 8,
492 3829 547 3873 108.

177 3891 192 3952 ξ
205 3895 245 3938 89.
263 3887 344 3949 Parc,
356 3890 402 3938 3¹.
413 3929 444 3939 -
458 3885 581 3950 Comatam
592 3891 656 3938 haec
669 3904 701 3938 ex
710 3889 856 3938 Aristotelis
865 3888 998 3938 Meteorol.
1010 3892 1032 3946 l,
1043 3890 1083 3937 67.
1101 3887 1160 3936 Huc
1171 3887 1273 3950 respicit

143 3955 231 4007 Schol.
243 3957 340 4007 Lucan.
355 3961 377 4016 1,
391 3961 447 4005 529.
467 3997 498 4004 -
517 3955 645 4015 horrentis,
657 3957 689 4005 R.
702 3996 733 4003 -
747 3957 864 4015 verticem,
876 3956 959 4005 RTd.
978 3953 1074 4014 uertice,
1086 3955 1129 4004 Pa
1141 3949 1271 4018 (Robert.)

141 4018 193 4088 βγ.
212 4023 294 4087 Saepe
305 4023 404 4090 Plinius
416 4023 629 4087 praepositionem
641 4021 666 4070 in
677 4023 819 4072 accusatiro
830 4023 867 4071 ita
877 4021 967 4084 iungit,
983 4029 1077 4070 utrem
1094 4036 1157 4082 eam,
1174 4024 1205 4071 de
1222 4039 1273 4089 qua

55 4151 58 4156 ι
143 4107 226 4141 sermo
239 4098 284 4150 est,
297 4090 405 4139 similem
414 4104 469 4140 esse
481 4092 601 4139 doceatur
612 4090 642 4150 ei,
656 4104 721 4151 quas
733 4089 877 4138 accusativo
890 4089 1008 4152 ponitur;
1021 4089 1072 4138 vid.
1086 4095 1108 4151 6,
1121 4096 1162 4141 38.
1175 4096 1199 4152 8,
1214 4094 1271 4141 117.

145 4164 184 4220 13,
207 4165 249 4210 86.
276 4163 314 4218 16,
338 4163 380 4208 22.
406 4160 445 4209 76.
469 4163 508 4218 18,
532 4160 588 4207 172.
611 4162 650 4218 19,
673 4162 713 4206 66.
735 4162 776 4216 22,
800 4160 838 4207 74.
861 4162 902 4216 86,
925 4161 964 4206 55.
984 4161 1024 4208 61.
1044 4162 1146 4209 184..-
1164 4158 1272 4220 intents

142 4222 272 4290 (Robsrt.)
294 4222 381 4287 bidem,
398 4226 427 4276 P.
452 4222 533 4287 iidem,
545 4219 637 4290 adssr.
661 4265 693 4273 -
718 4223 796 4285 cuins,
809 4225 856 4274 Ra
868 4220 999 4285 (Robert.)
1012 4223 1108 4288 quibos,
1120 4222 1219 4291 resta.
1238 4267 1270 4274 -

142 4294 228 4359 888σί8,
248 4296 270 4346 P
291 4290 426 4358 (Robsrt.)
446 4336 476 4344 ..
500 4291 590 4356 tonsae
610 4292 689 4359 lonqn,
711 4293 814 4342 Robert.

1040 4358 1056 4391 ἦ
