2888 4794
609 271 798 316 ruarmo.

539 424 723 488 Archetypum.
790 440 793 445 ·

141 559 1111 652 —T——dh—ss—

140 799 172 848 B.
184 798 447 862 Pseudo-Appuleius,
482 798 509 848 A

142 867 291 918 scholiastes
305 866 458 918 Germanici.

541 985 578 1027 xl
823 984 858 1030 xo

428 1224 718 1286 nursiamcasam
943 1220 1043 1315 ,1-
1085 1220 1090 1287 1
1133 1216 1259 1315 ,1-

428 1291 533 1345 Barbari
550 1302 576 1343 et
593 1293 699 1345 Gelenii.
735 1292 1127 1412 p-h-xfflppnffi
1135 1323 1259 1376 CNfflsss·

827 1413 850 1463 L

181 1530 249 1589 Hoc
266 1531 304 1589 ad
323 1537 447 1590 aemma
465 1530 675 1591 illustrandum
694 1551 790 1610 pauca
810 1540 881 1592 sunt
899 1531 1041 1591 addenda.
1071 1530 1112 1589 Et
1131 1531 1260 1608 primum

141 1641 257 1716 quidem
277 1659 353 1717 quae
372 1660 464 1718 supra
483 1643 521 1700 da
540 1643 661 1720 singulis
676 1632 824 1703 codicibus
839 1643 900 1701 dixi
914 1643 1020 1701 docent
1033 1660 1134 1700 omnes
1149 1641 1262 1700 codices

142 1767 180 1806 ex
199 1751 357 1828 archetypo
371 1752 476 1810 litteris
490 1753 640 1829 quadratis
659 1760 779 1812 exarato
794 1770 945 1825 manasse;
960 1759 1025 1809 tum
1038 1752 1124 1809 multi
1136 1752 1194 1809 loci
1208 1768 1263 1827 per

140 1858 323 1936 corruptelas
345 1878 516 1919 communes
538 1868 684 1920 testantur
706 1879 806 1921 omnes
826 1879 900 1937 quos
919 1863 979 1918 iam
998 1860 1133 1918 novimus
1148 1860 1262 1917 codices

139 1987 179 2025 ex
192 1987 252 2025 uno
266 1968 414 2026 communi
426 1968 508 2026 fonte
522 1987 588 2027 esse
601 1968 723 2028 haustos
739 1963 784 2049 (v.
793 1970 830 2027 ad
841 1965 893 2040 33,
907 1964 979 2028 108.
994 1970 1197 2039 avellanarum,
1209 1962 1262 2040 35,

140 2071 193 2136 11.
208 2086 244 2149 at,
258 2084 348 2152 atque
367 2078 404 2136 de
417 2076 500 2137 libris
514 2077 659 2155 prioribus
674 2079 712 2137 ad
726 2078 818 2154 praef.
834 2081 849 2148 §
865 2073 905 2151 8.,
927 2077 979 2136 ubi
989 2094 1095 2141 omnes
1109 2077 1166 2135 mei
1180 2077 1262 2145 codi-

139 2204 187 2246 ces
201 2187 301 2265 inepto
314 2188 492 2263 glossemate
503 2197 573 2255 sunt
583 2186 753 2265 deturpati).
777 2186 866 2262 Quod
875 2189 935 2246 iam
945 2189 984 2246 ad
995 2187 1125 2264 singulas
1136 2186 1262 2247 familias
1350 2204 1354 2209 ·

140 2297 271 2356 codicum
295 2297 414 2371 attinet,
439 2300 532 2358 codex
551 2300 589 2357 1¹
608 2299 732 2358 difficilis
754 2299 832 2359 lectu
849 2307 880 2358 et
897 2299 1011 2358 lacunis
1034 2298 1169 2358 foedatus
1195 2297 1260 2358 ruit.

141 2405 253 2480 Quodsi
276 2410 354 2468 enim
381 2409 515 2468 librandus
538 2407 766 2502 Bambergensis
791 2410 936 2469 illorusus
962 2410 993 2467 in
1014 2409 1202 2469 describendo
1226 2426 1262 2467 eo

138 2518 247 2593 primas
266 2518 335 2578 illus
353 2518 474 2578 lacunas
495 2519 655 2593 intulisset,
677 2520 815 2578 librarius
834 2520 980 2579 secundae
1000 2539 1116 2592 manus,
1136 2518 1188 2595 qui
1208 2519 1260 2577 vel

139 2627 292 2686 levissima
311 2629 386 2689 vitia
410 2629 516 2706 prioris
536 2638 674 2687 accurate
695 2629 877 2701 emendavit,
903 2629 980 2689 tales
1003 2629 1171 2687 omissiones
1202 2647 1262 2687 non

140 2737 331 2813 neglexisset,
357 2738 409 2796 sed
430 2738 558 2812 margini
585 2737 779 2813 appinxisset.
812 2735 914 2794 Codex
936 2737 978 2794 x²
1003 2738 1113 2813 pariter
1133 2737 1258 2794 difficilis

137 2845 226 2918 lectu,
240 2848 319 2905 unde
331 2846 433 2920 ingens
452 2847 537 2923 copia
565 2863 697 2903 errorum
718 2846 846 2903 maxime
867 2845 1017 2904 nominum
1035 2845 1219 2920 propriorum
1232 2845 1264 2904 in

137 2956 287 3017 codicibus
300 2954 368 3012 inde
381 2955 520 3014 derivatis
535 2955 710 3032 explicatur,
729 2974 823 3014 novas
844 2956 955 3030 sibique
972 2954 1108 3032 propriae
1143 2954 1264 3012 lacunas

137 3063 249 3137 habuit,
271 3082 348 3139 quae
366 3064 501 3142 deinceps
520 3085 574 3144 per
604 3065 717 3125 codices
731 3086 769 3124 ex
783 3085 818 3125 eo
832 3064 952 3124 haustos
967 3072 1038 3124 sunt
1051 3073 1163 3124 auctae.
1186 3062 1264 3124 Cum
1284 3142 1287 3147 .

136 3192 208 3233 vero
223 3175 315 3233 codex
327 3172 360 3232 A
373 3174 467 3234 multo
480 3176 676 3253 praestantior
690 3178 728 3235 sit
749 3176 893 3235 codicibus
908 3177 1012 3235 setene
1021 3176 1106 3235 bonis
1117 3175 1262 3248 omnibus,

136 3283 293 3360 gemellum
313 3285 384 3344 huic
401 3285 510 3344 librum
533 3279 570 3363 (x
581 3279 608 3366 ³)
634 3286 761 3344 adfuisse
786 3295 917 3363 oportet,
943 3286 1022 3344 unda
1046 3287 1134 3344 ceteri
1159 3304 1261 3346 omnes

137 3395 251 3454 codices
277 3395 437 3454 fluxerunt.
472 3393 514 3452 Et
553 3404 648 3453 aetate
676 3396 809 3470 quidem,
838 3415 896 3454 non
925 3396 1080 3472 dignitate,
1109 3399 1189 3475 prior
1217 3403 1262 3457 eet

138 3503 211 3562 ordo
235 3522 336 3564 eorum
355 3505 503 3576 codicum,
531 3505 583 3579 qui
608 3504 734 3564 codicem
758 3504 800 3560 x*1
821 3510 890 3563 sunt
927 3507 1033 3578 secuti,
1059 3508 1110 3581 qui
1134 3509 1207 3567 ordo
1230 3508 1261 3565 in

136 3613 305 3689 repetitione
317 3615 476 3677 verborum
487 3608 540 3685 33,
550 3608 687 3674 95-98.
700 3633 767 3672 curn
777 3611 809 3670 V
820 3616 965 3690 congruit.
980 3616 1029 3675 Ex
1038 3618 1158 3676 meliore
1168 3617 1258 3689 fonte,

137 3738 317 3797 quamquam
330 3723 478 3782 inferioris
493 3724 609 3797 aetatis,
621 3724 730 3783 hausta
743 3732 788 3783 est
801 3724 912 3811 familia
929 3726 1035 3785 codicis
1050 3727 1097 3796 x5,
1117 3742 1202 3798 quem
1213 3725 1260 3783 illi

134 3830 263 3890 familiae
281 3833 324 3889 x4
343 3839 438 3890 aetate
459 3834 559 3891 cedere
577 3835 681 3892 docent
703 3835 944 3910 transpositiones
982 3851 1104 3910 magnae
1124 3833 1155 3890 in
1178 3834 1259 3894 libris

37 3943 39 3949 ’
135 3937 230 3999 2-4.
241 3936 293 3999 31.
306 3936 358 3999 32.
370 3937 421 3999 33.
439 3959 528 4017 supra
542 3952 783 4001 commemoratae
797 3950 827 4000 et
840 3945 871 4002 in
886 3944 923 3999 x4
948 3960 1007 4001 non
1029 3943 1141 4001 obvias.
1162 3943 1259 4005 Acco·

135 4051 230 4118 dimus
244 4049 303 4109 iam
317 4050 355 4108 ad
370 4049 485 4108 codices
497 4050 644 4124 prioribus
658 4051 718 4110 illis
733 4052 905 4109 auctoritate
919 4070 978 4108 non
992 4053 1169 4128 aequandos,
1186 4072 1257 4130 quo·

135 4181 201 4221 rum
221 4161 265 4221 x⁰
289 4180 342 4237 per
367 4158 468 4236 plures
488 4159 598 4236 gradus
624 4179 639 4218 e
665 4160 707 4218 x²
726 4159 876 4220 derivatus
901 4178 960 4220 non
983 4180 1092 4238 paucas
1117 4164 1256 4225 lectiones
