2888 4794
200 262 260 325 176
548 281 751 330 saranatis
774 285 969 335 maronias

199 433 302 497 ditum
324 445 385 510 est,
407 431 468 498 hoc
489 432 574 498 idem
595 445 669 499 ante
691 436 863 503 solstitium
884 440 1099 529 quadragenis
1121 443 1228 526 quinis
1250 446 1320 512 die·

199 534 260 599 bus
283 533 479 618 totidemque
500 546 613 620 postea
632 537 702 601 fieri
725 549 757 602 et
778 562 837 625 per
859 561 913 607 eos
936 559 984 607 xc
1007 543 1132 609 diesin
1152 548 1321 614 meridiem

199 638 328 703 umbras
348 636 421 702 iaci.
449 636 574 702 Rursus
594 638 629 702 in
650 637 764 706 Meroe
787 640 908 728 (insula
928 643 1008 709 haec
1029 658 1191 732 caputque
1213 650 1321 736 gentis
1337 670 1390 715 rsa

197 739 396 825 Aethiopum
418 739 559 823 quinque
581 739 712 805 milibus
734 742 873 806 stadium
895 767 914 807 a
937 741 1046 829 Syene
1075 747 1109 811 in
1130 771 1224 813 amne
1245 749 1320 817 Nilo

197 840 373 926 habitatin)
400 840 451 905 bis
478 863 562 906 anno
592 841 718 926 apsumi
751 843 896 922 umbras,
929 847 997 911 sole
1028 847 1320 916 duodevicesimam

198 944 280 1010 tauri
301 954 426 1028 partem
448 953 481 1007 et
502 943 806 1026 quartamdecimam
827 946 928 1011 leonis
954 949 1130 1033 optinente.
1163 950 1204 1015 In
1224 951 1321 1017 India

196 1056 295 1136 gente
309 1043 448 1111 Oretum
470 1066 562 1110 mons
584 1056 633 1110 est
646 1043 773 1112 Maleus
795 1048 933 1127 nomine,
955 1049 1046 1114 iuxta
1067 1072 1164 1136 quem
1184 1054 1319 1120 umbrae

196 1158 319 1215 aestate
341 1147 374 1211 in
395 1157 550 1225 austrum,
572 1146 678 1213 hieme
699 1147 734 1212 in
755 1149 1004 1234 septentrionem
1018 1151 1188 1220 iaciuntur.
1212 1153 1319 1236 Quin-

196 1251 301 1318 decim
334 1261 458 1314 tantmn
489 1248 636 1315 noctibus
668 1248 713 1315 ibi
745 1250 881 1335 adparet
911 1253 1097 1338 septentrio.
1132 1254 1173 1319 In
1206 1257 1320 1322 eadem

196 1354 290 1420 India
303 1351 425 1419 Patalis
449 1350 657 1416 celeberrimo
679 1361 776 1435 portu
798 1353 845 1419 sol
867 1352 981 1419 dexter
996 1355 1108 1433 oritur,
1130 1356 1263 1422 umbrae
1285 1357 1319 1421 in

196 1455 362 1522 meridiem
390 1453 520 1518 cadunt.
564 1447 839 1535 Septentrionem,
872 1453 918 1519 ibi
946 1453 1134 1520 Alexandro
1162 1470 1316 1538 morante,
1333 1480 1385 1526 185

196 1561 385 1624 adnotatum
413 1554 517 1638 prima
543 1561 666 1617 tantum
691 1563 783 1638 parte
812 1554 917 1619 noctis
943 1556 1076 1643 adspici.
1115 1556 1318 1626 Onesicritus

196 1662 264 1726 dux
293 1659 364 1724 eius
385 1654 529 1739 scripsit,
562 1655 680 1739 quibus
708 1655 743 1719 in
763 1654 843 1721 locis
867 1655 981 1723 Indiae
1002 1652 1134 1726 umbrae
1155 1684 1220 1727 non
1240 1663 1316 1742 sint,

197 1761 448 1848 septentrionem
469 1779 533 1820 non
555 1757 696 1843 conspici
702 1781 712 1832 3
742 1779 780 1822 ea
800 1759 871 1825 loca
892 1761 1047 1846 appellari
1068 1763 1155 1829 ascia
1176 1787 1236 1830 nec
1256 1764 1316 1830 ho-

195 1888 248 1930 ras
270 1858 465 1927 dinumerari
486 1857 542 1924 ibi.

237 1961 404 2032 LXXIV.
432 1960 483 2024 76.
505 1958 552 2024 Et
572 1970 639 2025 tota
653 1960 872 2047 Trogodytice
893 1964 1024 2029 umbras
1039 1966 1089 2031 bis
1103 1968 1317 2057 quadraginta

195 2068 337 2155 quinque
367 2062 480 2127 diebus
508 2062 542 2126 in
570 2084 653 2128 anno
674 2062 904 2131 Eratosthenes
930 2065 964 2131 in
985 2069 1178 2134 contrarium
1200 2071 1315 2136 cadere

151 2222 153 2227 .
194 2167 347 2258 prodidit.

237 2266 386 2335 LXXV.
420 2267 470 2331 77.
499 2262 555 2332 Sic
583 2265 620 2330 fit
647 2277 684 2330 ut
708 2266 797 2332 vario
823 2267 903 2334 lucis
929 2270 1125 2338 incremento
1146 2273 1180 2338 in
1200 2272 1315 2340 Meroe
1330 2293 1379 2338 rsa

193 2370 398 2460 longissimus
420 2369 489 2434 dies
511 2387 564 2434 ΧΠ
584 2367 679 2433 horas
701 2369 943 2452 aequinoctialis
965 2384 998 2438 et
1017 2385 1089 2439 octo
1103 2375 1204 2460 partis
1218 2375 1314 2442 unius

230 2581 399 2649 quadripartia,
415 2594 440 2630 σ.
459 2620 491 2628 -
506 2588 598 2645 postea,
614 2580 687 2629 Rad.
710 2588 773 2644 post,
789 2595 809 2629 r.
829 2622 859 2628 -
875 2596 930 2645 per,
946 2583 1049 2633 Barbar.
1062 2585 1135 2633 Rad.
1157 2593 1218 2648 post,
1230 2586 1262 2633 T.
1283 2626 1313 2633 -

196 2651 230 2714 in,
242 2668 293 2702 om.
306 2652 338 2702 T.
351 2691 382 2699 ..
402 2647 460 2709 iaci,
473 2663 523 2698 om·
536 2647 584 2699 R'-
898 2660 905 2678 1
1185 2654 1188 2659 “

230 2723 315 2786 8184.
333 2716 431 2769 Rarats
444 2757 475 2766 ..
488 2713 549 2766 laec
568 2731 619 2766 om.
632 2713 673 2765 d¹.
692 2756 724 2764 -
746 2713 825 2774 Mero,
841 2716 891 2767 111.
910 2759 942 2767 -
960 2715 1020 2769 laec
1035 2728 1162 2784 caputque,
1178 2719 1231 2769 Ta.
1254 2720 1314 2770 noes

195 2786 372 2854 capudque,R
399 2785 459 2835 laec
471 2793 505 2834 est
516 2784 604 2849 capud,
617 2785 655 2832 (11.
683 2783 805 2847 apudque,
818 2784 859 2834 (11.
877 2787 1013 2848 laecquae
1024 2797 1062 2836 est
1072 2797 1095 2837 et
1105 2797 1185 2852 caput,
1199 2782 1227 2835 θ.
1249 2805 1313 2850 quae

196 2867 233 2908 eet
243 2865 324 2921 caput,
335 2856 440 2906 Robert,
451 2849 481 2914 ,d
502 2852 634 2903 Nonnulla
648 2859 732 2900 mutat
747 2851 853 2902 Salmas.
870 2853 887 2902 l
903 2854 921 2902 1.
933 2855 958 2903 b.
972 2853 1002 2904 C.
1021 2895 1053 2904 ..
1071 2856 1182 2919 quinque,
1195 2855 1315 2904 RTada

196 2921 327 2989 (Robert.)
353 2930 378 2971 et
398 2921 514 2985 quinque,
534 2914 563 2981 β
591 2959 622 2968 ..
648 2918 763 2980 stadium,
784 2913 854 2970 θεά.
879 2916 1260 2986 stadiorum,B(Robert.)ssr.
1280 2962 1313 2971 ..

196 2993 284 3053 asomi,
301 2990 348 3042 R¹.
378 3028 403 3037 -
432 2995 513 3052 porte,
533 2989 565 3037 R.
594 3026 624 3034 -
651 2987 772 3047 obtinente,
793 2989 810 3036 d
830 2985 960 3050 (Robert.)
986 2991 1049 3040 lanc
1060 2991 1187 3052 manans,
1208 2991 1260 3039 Ra
1279 3031 1313 3039 -

197 3059 284 3119 India,
296 3062 320 3109 R
332 3055 418 3119 (codd.
435 3051 553 3116 Barbar.)
571 3052 669 3113 Indae,
678 3056 716 3103 ad
727 3051 858 3119 (Robert.)
869 3052 920 3121 βγ.
933 3058 992 3106 vin
1005 3060 1037 3108 ad
1049 3064 1090 3111 ³2.
1105 3062 1143 3109 17.
1159 3098 1186 3106 -
1204 3057 1313 3118 Oretum,

196 3129 261 3179 Rad
273 3124 398 3187 (Robert.,
418 3124 491 3172 codd.
511 3119 638 3182 Barbari.)
667 3119 760 3184 Oresa
780 3136 804 3171 a.
832 3164 864 3172 -
891 3139 965 3185 mens,
986 3128 1017 3177 R.
1037 3167 1068 3175 ,,
1087 3135 1205 3186 castata,
1224 3127 1311 3176 R²ad

196 3198 287 3252 orbam,
307 3191 355 3243 R¹.
383 3230 415 3240 ..
442 3190 484 3250 ad,
504 3203 524 3236 a
541 3185 671 3252 (Robert.)
699 3230 731 3238 -
758 3191 935 3255 septemtrione,
955 3195 987 3244 R.
1010 3234 1042 3242 -
1061 3192 1195 3253 saciantur,
1215 3195 1260 3244 B'.
1280 3233 1312 3242 ..

195 3269 336 3326 appareret,
347 3257 395 3309 111.
416 3299 446 3307 ..
464 3255 572 3318 Patalis,
584 3252 733 3308 RTOsdo.
751 3257 864 3320 Patales,
876 3255 904 3320 β.

229 3327 245 3388 §
259 3332 315 3378 185.
330 3335 403 3392 parte
416 3327 496 3384 noem,
508 3325 582 3375 Rad.
600 3326 673 3376 noctu
682 3335 762 3389 parte,
779 3321 829 3392 ,374
842 3327 913 3377 Haec
927 3328 1059 3392 exscripsit
1073 3329 1193 3379 Martiam
1210 3327 1273 3393 Cap.
1287 3333 1311 3389 8,

196 3403 290 3448 898-
300 3393 396 3455 Indice,
408 3408 431 3443 σ.
442 3434 473 3442 -
482 3401 542 3455 sunt,
554 3394 697 3444 Robert.„
705 3395 813 3458 conspici
822 3408 860 3455 ea,
872 3395 921 3445 111.
931 3397 1016 3460 canapi
1026 3414 1051 3458 a,
1063 3396 1111 3446 111.
1120 3396 1228 3462 conspici
1238 3403 1261 3446 et
1272 3411 1311 3456 ea,

195 3461 372 3528 ad(Robert.)
383 3459 435 3527 βγ.
447 3503 478 3511 ..
496 3463 557 3521 acia,
569 3461 609 3511 (11.
623 3503 654 3511 ..
666 3463 709 3522 Et,
721 3460 815 3511 Ta¹d.
832 3463 882 3524 Ea,
894 3465 925 3514 R.
942 3461 1023 3525 Atio,
1035 3459 1265 3528 a²(Robert.)ssr.
1279 3503 1311 3512 ..

199 3532 363 3598 Tropodytice,
375 3533 447 3581 Rad.
465 3528 587 3596 tropodr'te,
599 3530 704 3580 Robert.
726 3527 906 3594 Troqlodytics,
917 3527 967 3597 βγ.
986 3571 1018 3580 ..
1037 3534 1143 3592 umbras,
1155 3534 1235 3582 R²ad
1246 3529 1273 3594 (s
1284 3532 1312 3581 in

193 3599 301 3662 rasura.)
328 3600 420 3657 umbra,
439 3596 489 3648 R¹.
514 3638 546 3647 ..
573 3598 685 3662 quinqua,
705 3598 768 3647 Rad
790 3595 914 3661 (Robert,
935 3601 1008 3649 codd.
1027 3597 1155 3662 Barbari.)
1181 3599 1259 3660 Ι1,σ.
1278 3637 1311 3647 ..

193 3667 377 3725 Eratosthenes,
389 3681 414 3729 p.
429 3671 484 3717 108.
495 3666 591 3716 Bernh.
611 3705 641 3713 ..
657 3663 748 3728 prodit,
760 3667 784 3714 d.

227 3735 242 3796 §
257 3742 312 3787 186.
330 3744 363 3796 nt,
376 3749 426 3783 om.
438 3733 487 3782 R¹s
501 3774 532 3782 -
551 3729 645 3792 Meroe,
656 3748 679 3781 a
699 3728 811 3793 Meroen,
822 3733 875 3783 1111
893 3735 953 3785 Vid.
964 3735 1082 3785 Martian.
1095 3735 1158 3799 Cap.
1171 3741 1194 3796 6,
1207 3739 1263 3784 595.
1278 3774 1309 3782 ..

193 3802 276 3863 toras,
298 3805 364 3854 Rd'2.
391 3802 480 3852 Omitt.
497 3798 586 3851 Tad¹.
607 3840 637 3848 -
655 3799 744 3860 XIII,
765 3801 868 3850 Robert.
895 3843 926 3852 ..
944 3801 1140 3864 Brittannia,R.
1164 3843 1190 3851 -
1210 3799 1311 3863 XVII,

193 3873 238 3921 ad.
256 3871 322 3931 XV,
334 3885 357 3919 a.
375 3869 502 3933 Hispania
516 3864 680 3932 septendecim,
698 3869 729 3918 R.
752 3908 784 3916 -
807 3866 850 3930 iti,
866 3868 915 3919 R¹.
934 3910 966 3919 ..
983 3878 1078 3932 noctes‚·
1088 3886 1157 3935 pono
1168 3871 1195 3919 h.
1206 3885 1230 3919 v.
1242 3871 1311 3920 Pint.

192 3939 268 3988 verba
280 3947 380 4003 anqusto
391 3938 451 3987 lucis
464 3937 550 3987 ambitu
562 3933 668 3986 subiecto
689 3944 773 3985 terrae
793 3937 911 3986 collocat.
930 3978 962 3986 -
980 3938 1040 3999 aad,
1052 3951 1077 3986 a.
1096 3978 1128 3987 -
1147 3936 1227 3998 dubie,
1239 3941 1314 3988 ad²a

192 4002 323 4068 (Robert.)
342 4000 438 4068 dnbisle,
450 4006 481 4055 11.
499 4002 583 4064 dabla,
596 4001 689 4054 §Tot
708 4043 740 4052 ..
755 4003 903 4068 promittunt,
915 4006 946 4055 R.
960 4020 987 4053 re
996 4006 1142 4068 promittunt,
1155 4006 1209 4055 Td.
1225 4020 1310 4068 repro·

192 4072 293 4133 mittunt,
314 4074 332 4125 S
352 4070 481 4136 (Robert.)
492 4067 543 4136 βγ.
560 4081 677 4134 promunt,
693 4087 716 4121 a.
736 4082 879 4134 repromnnt,
891 4073 961 4136 Lips.
977 4075 1009 4122 sd
1022 4073 1104 4123 Tacit.
1116 4074 1204 4137 Agris.
1219 4079 1257 4123 12.
1277 4113 1309 4122 -

192 4141 295 4204 109111.
309 4181 339 4190 -
358 4139 538 4200 solstitialibus,
554 4141 658 4191 Robert.
672 4178 703 4188 ..
722 4139 906 4200 uerticemundt',
916 4143 948 4191 R.
963 4181 994 4189 ..
1006 4140 1116 4191 subiecta
1131 4151 1219 4202 arrae,
1235 4143 1309 4191 taso.

191 4207 297 4258 subiato
309 4216 385 4267 terro,
398 4210 470 4259 codd
481 4208 595 4268 Barbari,
606 4223 683 4270 quam
700 4208 848 4271 scripturam
863 4209 1020 4260 retinsndam
1035 4216 1079 4260 aut
1093 4209 1216 4260 subiectae
1228 4216 1310 4258 terrae
