2888 4794
602 312 791 357 Panemo.
1191 314 1257 357 xtv

132 489 170 530 ne
183 469 309 529 facerem
323 473 354 526 et
367 473 474 526 natura
487 474 517 525 et
530 466 688 526 multitudo
702 465 809 526 harum
824 465 955 525 sordium
969 465 1128 543 impedivit.
1151 467 1258 544 Neque

132 578 219 638 lateri
232 577 346 649 dubito,
364 577 414 636 vel
428 576 453 636 si
465 594 558 635 unum
571 575 734 635 alterumve
747 592 854 635 nomen
867 566 991 636 alicuius
1005 574 1125 651 herbae,
1138 576 1256 656 lapidis,

133 687 266 747 animalis
287 705 325 745 ex
343 684 500 746 Vincentio
518 684 634 745 restitui
651 703 738 762 posse
761 684 925 758 scivissem,
950 692 1049 745 tamen
1073 693 1168 746 totum
1192 687 1258 747 eius

133 814 209 873 opus
233 814 280 855 ma
305 815 365 856 non
389 803 596 872 excerptorum
616 794 726 869 fuisse,
752 796 821 854 'cum
841 793 898 854 hoo
915 794 1031 854 lucrum
1056 805 1258 873 comparatum

134 925 201 965 cum
218 906 330 984 ingenti
348 905 450 964 labore
467 904 553 964 nimis
572 905 722 964 videretur
741 904 884 980 exig'uum
903 912 933 964 et
951 903 1011 966 otio
1030 904 1101 964 mihi
1119 891 1259 966 concesso

133 1016 240 1075 melius
254 1011 434 1092 parcendum
449 1022 537 1074 esset.
563 1014 607 1074 At
626 1011 778 1091 multiplici
798 1014 980 1091 experientia
993 1016 1114 1075 edoctus
1127 1016 1259 1076 animad-

135 1135 295 1197 verteram,
316 1143 393 1201 quae
412 1123 497 1184 verbi
514 1141 605 1184 causa
619 1121 797 1184 Schneidero
812 1121 924 1184 Saroni
940 1142 1019 1185 nova
1037 1124 1166 1200 itemque
1181 1125 1260 1186 bena

135 1235 216 1313 apud
234 1234 422 1295 vincentium
442 1233 627 1307 videbantur,
656 1252 692 1292 ea
711 1235 809 1294 omnia
826 1235 858 1293 iu
876 1235 952 1294 meis
972 1235 1119 1295 codicibus
1139 1235 1260 1314 reposivi

135 1345 185 1405 vel
206 1354 284 1405 certe
302 1345 445 1405 facillima
464 1352 493 1404 et
512 1323 674 1426 certissima
692 1344 858 1404 coniectura
876 1363 915 1404 ex
927 1330 990 1403 aliis
1005 1345 1195 1423 scriptoribus
1209 1363 1259 1405 ve·

134 1455 232 1528 tustis,
246 1455 303 1514 nisi
315 1455 427 1514 dudum
441 1460 511 1513 sunt
524 1455 687 1528 emendata,
703 1454 852 1515 emendari
864 1473 963 1531 posse.

134 1579 137 1586 “
178 1566 280 1625 Pauca
293 1566 418 1640 denique
431 1564 569 1624 addenda
582 1571 651 1624 sunt
670 1564 707 1623 de
726 1584 760 1624 re
778 1565 906 1640 quadam
924 1554 1068 1641 perquam
1086 1564 1213 1624 mirabili
1231 1569 1261 1623 et

135 1678 173 1734 ad
198 1675 508 1753 cognoscendamque
531 1671 647 1733 Plinius
671 1675 766 1733 medio
791 1691 865 1734 aevo
890 1675 1030 1749 gauderet
1055 1655 1261 1735 austeritatem

135 1785 211 1845 utili.
243 1785 439 1845 Inveniuntur
458 1783 571 1843 scilicet
594 1783 676 1860 apud
696 1783 853 1841 nonnullos
876 1783 958 1842 illius
979 1784 1084 1843 aetat-ie
1104 1784 1262 1858 scriptores

135 1892 203 1966 looi,
225 1894 330 1968 quibus
344 1894 391 1951 illi
403 1891 495 1950 Plinii
508 1892 674 1951 testimonio
688 1893 809 1949 laudato
828 1891 980 1967 veritatem
999 1891 1176 1950 narrationis
1190 1909 1262 1951 suae

137 2001 328 2076 comprobare
341 2000 470 2059 student.
492 1999 553 2058 Eos
569 2000 595 2058 si
608 2000 687 2076 apud
705 1999 803 2074 ipsum
816 1992 949 2058 Plinium
968 2000 1097 2075 quaeris,
1116 2018 1263 2078 nusquam

138 2111 278 2188 reperies.
303 2109 371 2169 Hos
392 2109 474 2169 locos
493 2127 561 2169 cum
578 2126 634 2185 ego
648 2108 774 2186 primum
787 2108 981 2186 inspexissem
995 2118 1025 2170 ct
1038 2111 1117 2187 apud
1130 2108 1263 2170 Plinium

137 2222 251 2281 frustra
282 2219 511 2295 quaesivissem,
544 2219 672 2297 suspicio
696 2217 768 2277 mihi
797 2218 986 2279 oboriebatur
1013 2220 1171 2298 scriptores
1194 2220 1263 2280 illos

137 2331 266 2408 pleniore
280 2349 371 2406 quam
384 2349 439 2390 nos
453 2331 552 2391 codice
570 2346 641 2390 usos
660 2329 762 2402 fuisse,
784 2330 851 2389 tali
859 2329 930 2403 lere,
951 2330 1047 2406 qualis
1060 2337 1106 2390 est
1118 2331 1263 2393 Bamber·

137 2442 251 2516 geusis3
267 2460 343 2500 mox
356 2447 454 2500 tamen
468 2458 533 2500 eam
546 2439 648 2513 abieci,
669 2458 737 2500 cum
755 2439 786 2498 in
804 2439 864 2500 illis
878 2439 950 2500 locis
964 2459 981 2498 e
994 2438 1094 2500 Plinio
1107 2450 1263 2518 personato

137 2550 263 2609 laudatis
276 2549 432 2625 aliquoties
452 2549 501 2610 vel
520 2550 594 2609 liber
607 2549 778 2610 XXXVII.
793 2568 872 2641 nunc
886 2569 903 2608 e
915 2550 1128 2626 Bambergensi
1141 2552 1264 2629 supple·

138 2667 186 2717 tus
201 2668 367 2719 occurreret
377 2653 423 2739 (v.
437 2657 576 2720 Servium
586 2659 624 2717 ad
634 2659 727 2734 Verg.
738 2658 816 2718 Aen.
828 2646 859 2730 8,
870 2655 944 2719 401.
960 2658 1027 2718 coll.
1041 2659 1120 2718 Plin.
1131 2655 1183 2735 37,
1195 2657 1262 2733 30.;

137 2769 176 2828 ad
189 2766 222 2843 4,
238 2764 311 2829 261.
334 2768 402 2827 coll.
424 2768 504 2826 Plin.
524 2761 682 2840 37,115.;
702 2767 741 2824 ad
763 2762 882 2838 1,174.
910 2767 977 2824 coll.
997 2767 1077 2825 Plin.
1092 2763 1145 2838 37,
1162 2762 1262 2850 lea),

138 2887 183 2951 ut,
204 2879 229 2937 si
248 2896 320 2938 vcra
333 2882 432 2935 essent
445 2875 499 2933 illc
513 2874 688 2947 testimonia,
710 2868 856 2951 pleniores
870 2876 944 2932 adeo
958 2891 1047 2949 quam
1060 2874 1263 2953 Bambergen·

139 3005 202 3045 sem
221 2985 334 3044 codices
356 2983 501 3043 exstitisse
520 2984 697 3044 credendum
716 2991 803 3045 esset.
831 2983 945 3045 Deinde
965 2985 1125 3059 crederem,
1147 2985 1172 3045 si
1185 2987 1265 3063 apud

139 3113 232 3154 unum
249 3093 377 3168 aliquem
396 3094 567 3173 scriptorem
585 3094 629 3154 illi
649 3095 707 3154 loci
725 3095 936 3156 invenirentur.
969 3095 1014 3155 At
1038 3115 1106 3156 eum
1124 3097 1190 3174 ipse
1208 3114 1264 3173 ego

139 3212 279 3281 quattuor
292 3206 398 3277 norim,
420 3206 472 3280 qui
486 3205 577 3265 Plinii
595 3206 798 3266 auctoritatem
812 3206 890 3265 falso
903 3225 974 3283 prae
988 3206 1143 3279 scierunt,
1163 3208 1264 3284 plures

139 3317 265 3375 fortasse
283 3316 442 3392 aliquando
462 3316 666 3387 invenientem
695 3335 783 3392 porro
804 3335 872 3376 oum
891 3317 940 3376 vel
960 3317 1152 3376 recentissimi
1170 3337 1265 3395 nequa

140 3436 255 3503 semper
275 3426 443 3502 gravissimi
463 3427 577 3484 mediae
599 3426 705 3484 aetatis
726 3425 882 3501 scriptores
903 3443 992 3502 opera
1012 3444 1066 3485 sua
1089 3427 1264 3487 testimoniis

138 3533 230 3593 Plinii
254 3519 439 3607 exornarint,
463 3535 515 3593 ubi
540 3552 682 3611 perquam
704 3534 812 3593 mirum
833 3544 878 3593 est
901 3553 1003 3594 omues
1023 3536 1091 3595 illos
1116 3536 1264 3612 pleniores

139 3646 254 3706 codices
272 3652 333 3704 tam
354 3645 411 3704 cito
429 3644 561 3731 periisse,
583 3650 738 3703 uteorum
756 3650 874 3721 praeter
886 3643 1135 3721 Bambergensem
1149 3644 1264 3702 nullum

139 3756 267 3834 amplius
281 3761 377 3814 exstet
390 3754 557 3830 vestigium,
568 3773 647 3814 nunc
660 3754 731 3814 mibi
745 3755 906 3814 certissime
920 3772 1095 3832 persuasum
1109 3761 1156 3810 est
1168 3752 1264 3811 levem

140 3864 268 3939 aliquam
288 3863 422 3922 fraudem
440 3863 561 3921 illorum
581 3861 732 3922 homiuum
751 3864 799 3921 hic
818 3864 1035 3937 agnoscendam
1054 3878 1129 3932 esse,
1149 3861 1210 3935 qui,
1229 3869 1264 3922 ut

139 3970 357 4030 narrationibus
371 3967 431 4028 suis
445 3970 535 4027 fidem
549 3969 688 4042 lacerent,
709 3972 798 4029 Plinii
811 3989 919 4029 nomen
933 3970 1157 4047 adscripserunt,
1179 3974 1262 4035 cuites

140 4078 282 4140 naturalis
296 4077 417 4135 historia
430 4095 485 4153 per
505 4084 597 4136 totam
616 4079 740 4136 mediam
763 4085 887 4137 aetatem
907 4089 941 4138 ut
959 4079 1026 4141 fons
1046 4084 1138 4142 omnis
1158 4085 1261 4144 human

141 4207 196 4249 nae
209 4187 345 4250 scientiae
361 4193 391 4245 et
405 4188 627 4266 encyclopaedia
647 4188 823 4249 universalis
844 4188 875 4248 in
895 4206 1010 4251 summo
1029 4191 1140 4254 honore
1159 4194 1261 4255 habita
