<?xml version="1.0" encoding="UTF-8"?>
<!DOCTYPE html PUBLIC "-//W3C//DTD XHTML 1.0 Transitional//EN"
    "http://www.w3.org/TR/xhtml1/DTD/xhtml1-transitional.dtd">
<html xmlns="http://www.w3.org/1999/xhtml" xml:lang="en" lang="en">
 <head>
  <title>
</title>
<meta http-equiv="Content-Type" content="text/html;charset=utf-8" />
  <meta name='ocr-system' content='tesseract 3.04.00' />
  <meta name='ocr-capabilities' content='ocr_page ocr_carea ocr_par ocr_line ocrx_word'/>
</head>
<body>
  <div class='ocr_page' id='page_1' title='image "./cplinisecundina08plingoog_0034.png"; bbox 0 0 2888 4794; ppageno 0'>
   <div class='ocr_carea' id='block_1_1' title="bbox 640 302 1276 347">
    <p class='ocr_par' dir='ltr' id='par_1_1' title="bbox 640 302 1276 347">
     <span class='ocr_line' id='line_1_1' title="bbox 640 302 1276 347; baseline -0.005 0"><span class='ocrx_word' id='word_1_1' title='bbox 640 303 830 347; x_wconf 60' lang='lat' dir='ltr'><strong>Panemo.</strong></span> <span class='ocrx_word' id='word_1_2' title='bbox 1253 302 1276 344; x_wconf 79' lang='lat' dir='ltr'>V</span> 
     </span>
    </p>
   </div>
   <div class='ocr_carea' id='block_1_2' title="bbox 148 454 1281 2070">
    <p class='ocr_par' dir='ltr' id='par_1_2' title="bbox 148 454 1278 1305">
     <span class='ocr_line' id='line_1_2' title="bbox 149 454 1276 534; baseline -0.006 -13"><span class='ocrx_word' id='word_1_3' title='bbox 149 464 258 522; x_wconf 88' lang='lat' dir='ltr'><strong>lissima</strong></span> <span class='ocrx_word' id='word_1_4' title='bbox 282 462 362 520; x_wconf 91' lang='lat' dir='ltr'><strong>ultro</strong></span> <span class='ocrx_word' id='word_1_5' title='bbox 388 461 517 519; x_wconf 84' lang='lat' dir='ltr'><strong>oblatam</strong></span> <span class='ocrx_word' id='word_1_6' title='bbox 543 467 574 518; x_wconf 87' lang='lat' dir='ltr'><strong>et</strong></span> <span class='ocrx_word' id='word_1_7' title='bbox 596 459 716 516; x_wconf 88' lang='lat' dir='ltr'><strong>missam</strong></span> <span class='ocrx_word' id='word_1_8' title='bbox 741 476 794 534; x_wconf 88' lang='lat' dir='ltr'><strong>per</strong></span> <span class='ocrx_word' id='word_1_9' title='bbox 816 462 910 516; x_wconf 92' lang='lat' dir='ltr'><strong>totum</strong></span> <span class='ocrx_word' id='word_1_10' title='bbox 930 462 1056 533; x_wconf 85' lang='lat' dir='ltr'><strong>tempus,</strong></span> <span class='ocrx_word' id='word_1_11' title='bbox 1083 455 1194 532; x_wconf 91' lang='lat' dir='ltr'><strong>quoin</strong></span> <span class='ocrx_word' id='word_1_12' title='bbox 1216 454 1276 514; x_wconf 92' lang='lat' dir='ltr'><strong>illis</strong></span> 
     </span>
     <span class='ocr_line' id='line_1_3' title="bbox 148 564 1275 640; baseline -0.007 -8"><span class='ocrx_word' id='word_1_13' title='bbox 148 573 231 632; x_wconf 87' lang='lat' dir='ltr'><strong>libris</strong></span> <span class='ocrx_word' id='word_1_14' title='bbox 244 572 430 630; x_wconf 78' lang='lat' dir='ltr'><strong>recensendis</strong></span> <span class='ocrx_word' id='word_1_15' title='bbox 444 570 596 640; x_wconf 78' lang='lat' dir='ltr'><strong>versabar,</strong></span> <span class='ocrx_word' id='word_1_16' title='bbox 612 568 751 627; x_wconf 89' lang='lat' dir='ltr'><strong>utendam</strong></span> <span class='ocrx_word' id='word_1_17' title='bbox 766 568 920 627; x_wconf 78' lang='lat' dir='ltr'><strong>concessit.</strong></span> <span class='ocrx_word' id='word_1_18' title='bbox 948 564 1014 640; x_wconf 80' lang='lat' dir='ltr'><strong>Quo</strong></span> <span class='ocrx_word' id='word_1_19' title='bbox 1029 565 1159 625; x_wconf 89' lang='lat' dir='ltr'><strong>subsidio</strong></span> <span class='ocrx_word' id='word_1_20' title='bbox 1175 566 1275 624; x_wconf 89' lang='lat' dir='ltr'><strong>critico</strong></span> 
     </span>
     <span class='ocr_line' id='line_1_4' title="bbox 150 675 1276 758; baseline -0.007 -17"><span class='ocrx_word' id='word_1_21' title='bbox 150 690 292 757; x_wconf 82' lang='lat' dir='ltr'><strong>quantum</strong></span> <span class='ocrx_word' id='word_1_22' title='bbox 306 682 491 758; x_wconf 87' lang='lat' dir='ltr'><strong>potissimum</strong></span> <span class='ocrx_word' id='word_1_23' title='bbox 510 680 540 737; x_wconf 93' lang='lat' dir='ltr'><strong>in</strong></span> <span class='ocrx_word' id='word_1_24' title='bbox 561 698 593 736; x_wconf 86' lang='lat' dir='ltr'><strong>rc</strong></span> <span class='ocrx_word' id='word_1_25' title='bbox 613 679 839 754; x_wconf 87' lang='lat' dir='ltr'><strong>orthographica</strong></span> <span class='ocrx_word' id='word_1_26' title='bbox 852 678 972 736; x_wconf 86' lang='lat' dir='ltr'><strong>adiutus</strong></span> <span class='ocrx_word' id='word_1_27' title='bbox 986 675 1105 748; x_wconf 73' lang='lat' dir='ltr'><strong>iuemm,</strong></span> <span class='ocrx_word' id='word_1_28' title='bbox 1129 675 1208 734; x_wconf 87' lang='lat' dir='ltr'><strong>iufra</strong></span> <span class='ocrx_word' id='word_1_29' title='bbox 1222 694 1276 734; x_wconf 85' lang='lat' dir='ltr'><strong>ex·</strong></span> 
     </span>
     <span class='ocr_line' id='line_1_5' title="bbox 149 786 1272 868; baseline -0.004 -19"><span class='ocrx_word' id='word_1_30' title='bbox 149 798 289 868; x_wconf 87' lang='lat' dir='ltr'><strong>ponatur,</strong></span> <span class='ocrx_word' id='word_1_31' title='bbox 315 790 366 848; x_wconf 93' lang='lat' dir='ltr'><strong>ubi</strong></span> <span class='ocrx_word' id='word_1_32' title='bbox 389 791 467 849; x_wconf 91' lang='lat' dir='ltr'><strong>hauc</strong></span> <span class='ocrx_word' id='word_1_33' title='bbox 489 788 664 848; x_wconf 73' lang='lat' dir='ltr'><strong>recensionis</strong></span> <span class='ocrx_word' id='word_1_34' title='bbox 683 806 764 845; x_wconf 85' lang='lat' dir='ltr'><strong>meae</strong></span> <span class='ocrx_word' id='word_1_35' title='bbox 785 795 900 864; x_wconf 86' lang='lat' dir='ltr'><strong>partem</strong></span> <span class='ocrx_word' id='word_1_36' title='bbox 925 786 1046 846; x_wconf 89' lang='lat' dir='ltr'><strong>uberius</strong></span> <span class='ocrx_word' id='word_1_37' title='bbox 1071 788 1272 863; x_wconf 79' lang='lat' dir='ltr'><strong>pertractab03</strong></span> 
     </span>
     <span class='ocr_line' id='line_1_6' title="bbox 149 897 1274 974; baseline -0.004 -17"><span class='ocrx_word' id='word_1_38' title='bbox 149 901 273 960; x_wconf 85' lang='lat' dir='ltr'><strong>lectores</strong></span> <span class='ocrx_word' id='word_1_39' title='bbox 293 918 363 959; x_wconf 87' lang='lat' dir='ltr'><strong>vero</strong></span> <span class='ocrx_word' id='word_1_40' title='bbox 384 907 505 974; x_wconf 87' lang='lat' dir='ltr'><strong>rogatos</strong></span> <span class='ocrx_word' id='word_1_41' title='bbox 519 898 597 971; x_wconf 85' lang='lat' dir='ltr'><strong>volo,</strong></span> <span class='ocrx_word' id='word_1_42' title='bbox 618 916 656 956; x_wconf 88' lang='lat' dir='ltr'><strong>na</strong></span> <span class='ocrx_word' id='word_1_43' title='bbox 674 898 767 956; x_wconf 80' lang='lat' dir='ltr'><strong>sicubi</strong></span> <span class='ocrx_word' id='word_1_44' title='bbox 787 897 926 956; x_wconf 82' lang='lat' dir='ltr'><strong>lectiones</strong></span> <span class='ocrx_word' id='word_1_45' title='bbox 947 914 1026 954; x_wconf 89' lang='lat' dir='ltr'><strong>nunc</strong></span> <span class='ocrx_word' id='word_1_46' title='bbox 1044 915 1063 954; x_wconf 88' lang='lat' dir='ltr'><strong>a</strong></span> <span class='ocrx_word' id='word_1_47' title='bbox 1081 914 1128 954; x_wconf 87' lang='lat' dir='ltr'><strong>me</strong></span> <span class='ocrx_word' id='word_1_48' title='bbox 1148 908 1274 954; x_wconf 89' lang='lat' dir='ltr'><strong>comme·</strong></span> 
     </span>
     <span class='ocr_line' id='line_1_7' title="bbox 152 1005 1277 1085; baseline -0.006 -16"><span class='ocrx_word' id='word_1_49' title='bbox 152 1018 282 1069; x_wconf 89' lang='lat' dir='ltr'><strong>moratas</strong></span> <span class='ocrx_word' id='word_1_50' title='bbox 307 1029 326 1068; x_wconf 89' lang='lat' dir='ltr'><strong>a</strong></span> <span class='ocrx_word' id='word_1_51' title='bbox 350 1009 505 1069; x_wconf 90' lang='lat' dir='ltr'><strong>collatione</strong></span> <span class='ocrx_word' id='word_1_52' title='bbox 529 1008 582 1066; x_wconf 86' lang='lat' dir='ltr'><strong>illa</strong></span> <span class='ocrx_word' id='word_1_53' title='bbox 606 1008 685 1085; x_wconf 87' lang='lat' dir='ltr'><strong>typis</strong></span> <span class='ocrx_word' id='word_1_54' title='bbox 709 1006 853 1083; x_wconf 87' lang='lat' dir='ltr'><strong>impressa</strong></span> <span class='ocrx_word' id='word_1_55' title='bbox 877 1007 1076 1083; x_wconf 79' lang='lat' dir='ltr'><strong>discrepantes</strong></span> <span class='ocrx_word' id='word_1_56' title='bbox 1104 1005 1277 1076; x_wconf 86' lang='lat' dir='ltr'><strong>invenerint,</strong></span> 
     </span>
     <span class='ocr_line' id='line_1_8' title="bbox 150 1113 1278 1196; baseline -0.004 -19"><span class='ocrx_word' id='word_1_57' title='bbox 150 1120 208 1179; x_wconf 88' lang='lat' dir='ltr'><strong>hoc</strong></span> <span class='ocrx_word' id='word_1_58' title='bbox 221 1120 413 1196; x_wconf 84' lang='lat' dir='ltr'><strong>negligentiae</strong></span> <span class='ocrx_word' id='word_1_59' title='bbox 426 1137 510 1178; x_wconf 85' lang='lat' dir='ltr'><strong>meae</strong></span> <span class='ocrx_word' id='word_1_60' title='bbox 526 1119 673 1188; x_wconf 85' lang='lat' dir='ltr'><strong>tribuant3</strong></span> <span class='ocrx_word' id='word_1_61' title='bbox 693 1117 805 1176; x_wconf 83' lang='lat' dir='ltr'><strong>factum</strong></span> <span class='ocrx_word' id='word_1_62' title='bbox 826 1125 871 1175; x_wconf 88' lang='lat' dir='ltr'><strong>est</strong></span> <span class='ocrx_word' id='word_1_63' title='bbox 890 1116 947 1175; x_wconf 91' lang='lat' dir='ltr'><strong>hoc</strong></span> <span class='ocrx_word' id='word_1_64' title='bbox 967 1135 1034 1175; x_wconf 92' lang='lat' dir='ltr'><strong>cum</strong></span> <span class='ocrx_word' id='word_1_65' title='bbox 1057 1133 1173 1175; x_wconf 88' lang='lat' dir='ltr'><strong>summo</strong></span> <span class='ocrx_word' id='word_1_66' title='bbox 1186 1113 1278 1173; x_wconf 90' lang='lat' dir='ltr'><strong>Plinii</strong></span> 
     </span>
     <span class='ocr_line' id='line_1_9' title="bbox 150 1225 839 1305; baseline -0.004 -17"><span class='ocrx_word' id='word_1_67' title='bbox 150 1230 304 1289; x_wconf 89' lang='lat' dir='ltr'><strong>commodo</strong></span> <span class='ocrx_word' id='word_1_68' title='bbox 322 1248 376 1305; x_wconf 90' lang='lat' dir='ltr'><strong>per</strong></span> <span class='ocrx_word' id='word_1_69' title='bbox 395 1229 552 1288; x_wconf 88' lang='lat' dir='ltr'><strong>secundam</strong></span> <span class='ocrx_word' id='word_1_70' title='bbox 572 1228 656 1287; x_wconf 88' lang='lat' dir='ltr'><strong>Iani</strong></span> <span class='ocrx_word' id='word_1_71' title='bbox 675 1225 839 1286; x_wconf 87' lang='lat' dir='ltr'><strong>lectionem.</strong></span> 
     </span>
    </p>

    <p class='ocr_par' dir='ltr' id='par_1_3' title="bbox 148 1332 1281 2070">
     <span class='ocr_line' id='line_1_10' title="bbox 192 1332 1278 1419; baseline -0.006 -21"><span class='ocrx_word' id='word_1_72' title='bbox 192 1337 295 1398; x_wconf 79' lang='lat' dir='ltr'><strong>Codex</strong></span> <span class='ocrx_word' id='word_1_73' title='bbox 314 1340 467 1398; x_wconf 67' lang='lat' dir='ltr'><strong>Laidem</strong></span> <span class='ocrx_word' id='word_1_74' title='bbox 486 1332 546 1419; x_wconf 83' lang='lat' dir='ltr'><strong>(A)</strong></span> <span class='ocrx_word' id='word_1_75' title='bbox 567 1338 643 1396; x_wconf 90' lang='lat' dir='ltr'><strong>inter</strong></span> <span class='ocrx_word' id='word_1_76' title='bbox 663 1337 829 1397; x_wconf 84' lang='lat' dir='ltr'><strong>Vossianus</strong></span> <span class='ocrx_word' id='word_1_77' title='bbox 849 1336 916 1396; x_wconf 88' lang='lat' dir='ltr'><strong>Fol.</strong></span> <span class='ocrx_word' id='word_1_78' title='bbox 934 1356 980 1396; x_wconf 88' lang='lat' dir='ltr'><strong>nr.</strong></span> <span class='ocrx_word' id='word_1_79' title='bbox 1001 1333 1032 1395; x_wconf 85' lang='lat'><strong>4.</strong></span> <span class='ocrx_word' id='word_1_80' title='bbox 1052 1343 1183 1405; x_wconf 88' lang='lat' dir='ltr'><strong>notatus,</strong></span> <span class='ocrx_word' id='word_1_81' title='bbox 1206 1333 1278 1392; x_wconf 87' lang='lat' dir='ltr'><strong>seri·</strong></span> 
     </span>
     <span class='ocr_line' id='line_1_11' title="bbox 150 1434 1278 1525; baseline -0.005 -18"><span class='ocrx_word' id='word_1_82' title='bbox 150 1457 219 1525; x_wconf 90' lang='lat' dir='ltr'><strong>ptus</strong></span> <span class='ocrx_word' id='word_1_83' title='bbox 241 1456 287 1508; x_wconf 88' lang='lat' dir='ltr'><strong>est</strong></span> <span class='ocrx_word' id='word_1_84' title='bbox 306 1451 337 1509; x_wconf 93' lang='lat' dir='ltr'><strong>in</strong></span> <span class='ocrx_word' id='word_1_85' title='bbox 355 1448 434 1507; x_wconf 81' lang='lat' dir='ltr'><strong>foliis</strong></span> <span class='ocrx_word' id='word_1_86' title='bbox 452 1447 684 1507; x_wconf 77' lang='lat' dir='ltr'><strong>membranaceis</strong></span> <span class='ocrx_word' id='word_1_87' title='bbox 702 1446 814 1506; x_wconf 86' lang='lat' dir='ltr'><strong>formae</strong></span> <span class='ocrx_word' id='word_1_88' title='bbox 834 1447 964 1518; x_wconf 90' lang='lat' dir='ltr'><strong>maioris,</strong></span> <span class='ocrx_word' id='word_1_89' title='bbox 985 1447 1102 1504; x_wconf 89' lang='lat' dir='ltr'><strong>duabus</strong></span> <span class='ocrx_word' id='word_1_90' title='bbox 1124 1434 1278 1514; x_wconf 79' lang='lat' dir='ltr'><strong>columnis,</strong></span> 
     </span>
     <span class='ocr_line' id='line_1_12' title="bbox 148 1554 1280 1632; baseline -0.006 -14"><span class='ocrx_word' id='word_1_91' title='bbox 148 1560 254 1619; x_wconf 84' lang='lat' dir='ltr'><strong>litteris</strong></span> <span class='ocrx_word' id='word_1_92' title='bbox 277 1559 442 1631; x_wconf 76' lang='lat' dir='ltr'><strong>saxonicis,</strong></span> <span class='ocrx_word' id='word_1_93' title='bbox 465 1558 593 1632; x_wconf 87' lang='lat' dir='ltr'><strong>saeculo,</strong></span> <span class='ocrx_word' id='word_1_94' title='bbox 614 1563 649 1616; x_wconf 93' lang='lat' dir='ltr'><strong>ut</strong></span> <span class='ocrx_word' id='word_1_95' title='bbox 668 1555 824 1616; x_wconf 88' lang='lat' dir='ltr'><strong>Iacobus</strong></span> <span class='ocrx_word' id='word_1_96' title='bbox 846 1555 1001 1616; x_wconf 82' lang='lat' dir='ltr'><strong>Geelius</strong></span> <span class='ocrx_word' id='word_1_97' title='bbox 1020 1555 1144 1627; x_wconf 89' lang='lat' dir='ltr'><strong>iudicat,</strong></span> <span class='ocrx_word' id='word_1_98' title='bbox 1170 1554 1280 1612; x_wconf 75' lang='lat' dir='ltr'><strong>arbiter</strong></span> 
     </span>
     <span class='ocr_line' id='line_1_13' title="bbox 151 1658 1280 1747; baseline -0.006 -19"><span class='ocrx_word' id='word_1_99' title='bbox 151 1671 258 1728; x_wconf 90' lang='lat' dir='ltr'><strong>harum</strong></span> <span class='ocrx_word' id='word_1_100' title='bbox 271 1688 370 1728; x_wconf 86' lang='lat' dir='ltr'><strong>rerum</strong></span> <span class='ocrx_word' id='word_1_101' title='bbox 384 1669 592 1745; x_wconf 89' lang='lat' dir='ltr'><strong>peritissimus,</strong></span> <span class='ocrx_word' id='word_1_102' title='bbox 606 1667 665 1725; x_wconf 86' lang='lat' dir='ltr'><strong>IX.</strong></span> <span class='ocrx_word' id='word_1_103' title='bbox 681 1666 729 1725; x_wconf 86' lang='lat' dir='ltr'><strong>vel</strong></span> <span class='ocrx_word' id='word_1_104' title='bbox 743 1665 785 1726; x_wconf 90' lang='lat' dir='ltr'><strong>X.</strong></span> <span class='ocrx_word' id='word_1_105' title='bbox 808 1658 875 1726; x_wconf 87' lang='lat' dir='ltr'><strong>Hoc</strong></span> <span class='ocrx_word' id='word_1_106' title='bbox 893 1668 957 1744; x_wconf 88' lang='lat' dir='ltr'><strong>ipso</strong></span> <span class='ocrx_word' id='word_1_107' title='bbox 971 1666 1035 1725; x_wconf 88' lang='lat' dir='ltr'><strong>viro</strong></span> <span class='ocrx_word' id='word_1_108' title='bbox 1056 1665 1174 1741; x_wconf 86' lang='lat' dir='ltr'><strong>egregio</strong></span> <span class='ocrx_word' id='word_1_109' title='bbox 1187 1664 1280 1747; x_wconf 82' lang='lat' dir='ltr'><strong>inter·</strong></span> 
     </span>
     <span class='ocr_line' id='line_1_14' title="bbox 152 1768 1281 1852; baseline -0.006 -15"><span class='ocrx_word' id='word_1_110' title='bbox 152 1780 275 1837; x_wconf 88' lang='lat' dir='ltr'><strong>cedente</strong></span> <span class='ocrx_word' id='word_1_111' title='bbox 308 1778 529 1838; x_wconf 82' lang='lat' dir='ltr'><strong>accuratissime</strong></span> <span class='ocrx_word' id='word_1_112' title='bbox 564 1795 633 1836; x_wconf 87' lang='lat' dir='ltr'><strong>eum</strong></span> <span class='ocrx_word' id='word_1_113' title='bbox 666 1794 734 1835; x_wconf 91' lang='lat' dir='ltr'><strong>cum</strong></span> <span class='ocrx_word' id='word_1_114' title='bbox 762 1777 854 1852; x_wconf 87' lang='lat' dir='ltr'><strong>priori</strong></span> <span class='ocrx_word' id='word_1_115' title='bbox 882 1776 1028 1834; x_wconf 87' lang='lat' dir='ltr'><strong>Harduini</strong></span> <span class='ocrx_word' id='word_1_116' title='bbox 1056 1768 1183 1834; x_wconf 87' lang='lat' dir='ltr'><strong>editione</strong></span> <span class='ocrx_word' id='word_1_117' title='bbox 1211 1773 1281 1831; x_wconf 87' lang='lat' dir='ltr'><strong>anni</strong></span> 
     </span>
     <span class='ocr_line' id='line_1_15' title="bbox 151 1880 1280 1957; baseline -0.008 -10"><span class='ocrx_word' id='word_1_118' title='bbox 151 1886 408 1948; x_wconf 85' lang='lat' dir='ltr'>MDOLXXXV.</span> <span class='ocrx_word' id='word_1_119' title='bbox 423 1888 548 1946; x_wconf 90' lang='lat' dir='ltr'><strong>contulit</strong></span> <span class='ocrx_word' id='word_1_120' title='bbox 561 1886 598 1944; x_wconf 90' lang='lat' dir='ltr'><strong>B.</strong></span> <span class='ocrx_word' id='word_1_121' title='bbox 613 1886 654 1944; x_wconf 83' lang='lat' dir='ltr'><strong>A.</strong></span> <span class='ocrx_word' id='word_1_122' title='bbox 668 1885 793 1943; x_wconf 88' lang='lat' dir='ltr'><strong>Nauta</strong></span> <span class='ocrx_word' id='word_1_123' title='bbox 808 1884 936 1944; x_wconf 79' lang='lat' dir='ltr'><strong>Senecae</strong></span> <span class='ocrx_word' id='word_1_124' title='bbox 956 1883 1065 1941; x_wconf 87' lang='lat' dir='ltr'><strong>bbellis</strong></span> <span class='ocrx_word' id='word_1_125' title='bbox 1086 1883 1200 1957; x_wconf 90' lang='lat' dir='ltr'><strong>aliquot</strong></span> <span class='ocrx_word' id='word_1_126' title='bbox 1218 1880 1280 1939; x_wconf 86' lang='lat' dir='ltr'><strong>edi·</strong></span> 
     </span>
     <span class='ocr_line' id='line_1_16' title="bbox 152 1990 1280 2070; baseline -0.006 -16"><span class='ocrx_word' id='word_1_127' title='bbox 152 1997 191 2054; x_wconf 89' lang='lat' dir='ltr'><strong>tis</strong></span> <span class='ocrx_word' id='word_1_128' title='bbox 211 1997 320 2067; x_wconf 86' lang='lat' dir='ltr'><strong>clarus,</strong></span> <span class='ocrx_word' id='word_1_129' title='bbox 342 1996 427 2054; x_wconf 86' lang='lat' dir='ltr'><strong>brevi</strong></span> <span class='ocrx_word' id='word_1_130' title='bbox 445 2002 513 2070; x_wconf 87' lang='lat' dir='ltr'><strong>post</strong></span> <span class='ocrx_word' id='word_1_131' title='bbox 532 1993 717 2052; x_wconf 87' lang='lat' dir='ltr'><strong>collationem</strong></span> <span class='ocrx_word' id='word_1_132' title='bbox 737 1994 825 2051; x_wconf 90' lang='lat' dir='ltr'><strong>huius</strong></span> <span class='ocrx_word' id='word_1_133' title='bbox 844 1999 874 2050; x_wconf 88' lang='lat' dir='ltr'><strong>et</strong></span> <span class='ocrx_word' id='word_1_134' title='bbox 893 1991 1041 2067; x_wconf 88' lang='lat' dir='ltr'><strong>sequentis</strong></span> <span class='ocrx_word' id='word_1_135' title='bbox 1060 1990 1164 2050; x_wconf 90' lang='lat' dir='ltr'><strong>codicis</strong></span> <span class='ocrx_word' id='word_1_136' title='bbox 1178 1990 1280 2049; x_wconf 87' lang='lat' dir='ltr'><strong>adme</strong></span> 
     </span>
    </p>
   </div>
   <div class='ocr_carea' id='block_1_3' title="bbox 59 2101 1280 2180">
    <p class='ocr_par' dir='ltr' id='par_1_4' title="bbox 59 2101 1280 2180">
     <span class='ocr_line' id='line_1_17' title="bbox 59 2101 1280 2180; baseline -0.009 -10"><span class='ocrx_word' id='word_1_137' title='bbox 59 2158 64 2171; x_wconf 92' lang='lat'>.</span> <span class='ocrx_word' id='word_1_138' title='bbox 149 2106 356 2165; x_wconf 75' lang='lat' dir='ltr'><strong>transmissam</strong></span> <span class='ocrx_word' id='word_1_139' title='bbox 370 2105 456 2163; x_wconf 88' lang='lat' dir='ltr'><strong>bonis</strong></span> <span class='ocrx_word' id='word_1_140' title='bbox 469 2104 577 2162; x_wconf 87' lang='lat' dir='ltr'><strong>litteris</strong></span> <span class='ocrx_word' id='word_1_141' title='bbox 590 2104 749 2161; x_wconf 88' lang='lat' dir='ltr'><strong>immatura</strong></span> <span class='ocrx_word' id='word_1_142' title='bbox 762 2112 858 2162; x_wconf 88' lang='lat' dir='ltr'><strong>morte</strong></span> <span class='ocrx_word' id='word_1_143' title='bbox 879 2112 1008 2180; x_wconf 88' lang='lat' dir='ltr'><strong>ereptus.</strong></span> <span class='ocrx_word' id='word_1_144' title='bbox 1035 2101 1126 2161; x_wconf 89' lang='lat' dir='ltr'><strong>Liber</strong></span> <span class='ocrx_word' id='word_1_145' title='bbox 1146 2109 1214 2160; x_wconf 84' lang='lat' dir='ltr'><strong>anta</strong></span> <span class='ocrx_word' id='word_1_146' title='bbox 1232 2119 1280 2160; x_wconf 90' lang='lat' dir='ltr'><strong>me</strong></span> 
     </span>
    </p>
   </div>
   <div class='ocr_carea' id='block_1_4' title="bbox 148 2212 1280 4271">
    <p class='ocr_par' dir='ltr' id='par_1_5' title="bbox 148 2212 1280 4271">
     <span class='ocr_line' id='line_1_18' title="bbox 150 2212 1280 2291; baseline -0.003 -17"><span class='ocrx_word' id='word_1_147' title='bbox 150 2216 210 2274; x_wconf 88' lang='lat' dir='ltr'><strong>iam</strong></span> <span class='ocrx_word' id='word_1_148' title='bbox 223 2218 262 2275; x_wconf 94' lang='lat' dir='ltr'><strong>ab</strong></span> <span class='ocrx_word' id='word_1_149' title='bbox 275 2215 379 2275; x_wconf 86' lang='lat' dir='ltr'><strong>Isaaco</strong></span> <span class='ocrx_word' id='word_1_150' title='bbox 393 2214 502 2274; x_wconf 89' lang='lat' dir='ltr'><strong>Vossio</strong></span> <span class='ocrx_word' id='word_1_151' title='bbox 516 2214 555 2272; x_wconf 86' lang='lat' dir='ltr'><strong>ad</strong></span> <span class='ocrx_word' id='word_1_152' title='bbox 569 2215 767 2291; x_wconf 92' lang='lat' dir='ltr'><strong>Pomponium</strong></span> <span class='ocrx_word' id='word_1_153' title='bbox 781 2212 895 2272; x_wconf 89' lang='lat' dir='ltr'><strong>Melam</strong></span> <span class='ocrx_word' id='word_1_154' title='bbox 909 2214 1017 2290; x_wconf 87' lang='lat' dir='ltr'><strong>passim</strong></span> <span class='ocrx_word' id='word_1_155' title='bbox 1031 2213 1170 2272; x_wconf 89' lang='lat' dir='ltr'><strong>laudatus</strong></span> <span class='ocrx_word' id='word_1_156' title='bbox 1184 2230 1280 2290; x_wconf 88' lang='lat' dir='ltr'><strong>pauca</strong></span> 
     </span>
     <span class='ocr_line' id='line_1_19' title="bbox 150 2317 1278 2403; baseline -0.003 -19"><span class='ocrx_word' id='word_1_157' title='bbox 150 2332 265 2384; x_wconf 76' lang='lat' dir='ltr'><strong>astum</strong></span> <span class='ocrx_word' id='word_1_158' title='bbox 279 2325 445 2402; x_wconf 68' lang='lat' dir='ltr'><strong>bagmans</strong></span> <span class='ocrx_word' id='word_1_159' title='bbox 465 2327 555 2384; x_wconf 72' lang='lat' dir='ltr'><strong>totus</strong></span> <span class='ocrx_word' id='word_1_160' title='bbox 575 2325 674 2403; x_wconf 72' lang='lat' dir='ltr'><strong>operis</strong></span> <span class='ocrx_word' id='word_1_161' title='bbox 688 2325 817 2383; x_wconf 69' lang='lat' dir='ltr'><strong>animet</strong></span> <span class='ocrx_word' id='word_1_162' title='bbox 832 2321 876 2399; x_wconf 82' lang='lat'><strong>(2.</strong></span> <span class='ocrx_word' id='word_1_163' title='bbox 893 2327 908 2393; x_wconf 70' lang='lat' dir='ltr'><strong>s</strong></span> <span class='ocrx_word' id='word_1_164' title='bbox 925 2319 986 2383; x_wconf 83' lang='lat'><strong>196</strong></span> <span class='ocrx_word' id='word_1_165' title='bbox 1001 2370 1043 2384; x_wconf 86' lang='lat'><strong>..</strong></span> <span class='ocrx_word' id='word_1_166' title='bbox 1057 2319 1088 2382; x_wconf 85' lang='lat'><strong>3.</strong></span> <span class='ocrx_word' id='word_1_167' title='bbox 1104 2326 1119 2392; x_wconf 72' lang='lat' dir='ltr'><strong>t</strong></span> <span class='ocrx_word' id='word_1_168' title='bbox 1135 2317 1197 2394; x_wconf 82' lang='lat'><strong>65,</strong></span> <span class='ocrx_word' id='word_1_169' title='bbox 1213 2331 1278 2381; x_wconf 79' lang='lat' dir='ltr'><strong>mm</strong></span> 
     </span>
     <span class='ocr_line' id='line_1_20' title="bbox 150 2427 1279 2512; baseline -0.002 -17"><span class='ocrx_word' id='word_1_170' title='bbox 150 2430 182 2506; x_wconf 81' lang='grc'><strong>3,</strong></span> <span class='ocrx_word' id='word_1_171' title='bbox 197 2431 237 2494; x_wconf 78' lang='lat'><strong>92</strong></span> <span class='ocrx_word' id='word_1_172' title='bbox 254 2483 294 2494; x_wconf 93' lang='grc'><strong>...</strong></span> <span class='ocrx_word' id='word_1_173' title='bbox 312 2433 347 2507; x_wconf 82' lang='grc'><strong>4,</strong></span> <span class='ocrx_word' id='word_1_174' title='bbox 361 2432 423 2508; x_wconf 80' lang='lat'><strong>75,</strong></span> <span class='ocrx_word' id='word_1_175' title='bbox 442 2456 531 2512; x_wconf 91' lang='lat' dir='ltr'><strong>porro</strong></span> <span class='ocrx_word' id='word_1_176' title='bbox 545 2433 577 2509; x_wconf 86' lang='lat'><strong>4,</strong></span> <span class='ocrx_word' id='word_1_177' title='bbox 593 2429 772 2506; x_wconf 73' lang='lat'><strong>86-107,</strong></span> <span class='ocrx_word' id='word_1_178' title='bbox 788 2434 891 2492; x_wconf 91' lang='lat' dir='ltr'><strong>deinde</strong></span> <span class='ocrx_word' id='word_1_179' title='bbox 904 2430 937 2505; x_wconf 85' lang='lat'><strong>4,</strong></span> <span class='ocrx_word' id='word_1_180' title='bbox 954 2429 1015 2492; x_wconf 82' lang='lat'><strong>117</strong></span> <span class='ocrx_word' id='word_1_181' title='bbox 1030 2481 1073 2492; x_wconf 90' lang='lat'><strong>..</strong></span> <span class='ocrx_word' id='word_1_182' title='bbox 1093 2428 1124 2505; x_wconf 91' lang='grc'><strong>5,</strong></span> <span class='ocrx_word' id='word_1_183' title='bbox 1140 2427 1203 2504; x_wconf 76' lang='lat'><strong>25,</strong></span> <span class='ocrx_word' id='word_1_184' title='bbox 1225 2450 1279 2510; x_wconf 87' lang='lat' dir='ltr'><strong>po·</strong></span> 
     </span>
     <span class='ocr_line' id='line_1_21' title="bbox 150 2540 1279 2626; baseline -0.001 -22"><span class='ocrx_word' id='word_1_185' title='bbox 150 2552 258 2604; x_wconf 86' lang='lat' dir='ltr'><strong>stremo</strong></span> <span class='ocrx_word' id='word_1_186' title='bbox 274 2540 305 2617; x_wconf 93' lang='grc'><strong>5,</strong></span> <span class='ocrx_word' id='word_1_187' title='bbox 321 2540 382 2604; x_wconf 80' lang='lat'><strong>125</strong></span> <span class='ocrx_word' id='word_1_188' title='bbox 397 2593 439 2604; x_wconf 86' lang='lat'><strong>..</strong></span> <span class='ocrx_word' id='word_1_189' title='bbox 460 2542 490 2618; x_wconf 87' lang='lat'><strong>6,</strong></span> <span class='ocrx_word' id='word_1_190' title='bbox 508 2540 587 2626; x_wconf 88' lang='grc'><strong>51.),</strong></span> <span class='ocrx_word' id='word_1_191' title='bbox 610 2545 690 2621; x_wconf 90' lang='lat' dir='ltr'><strong>quod</strong></span> <span class='ocrx_word' id='word_1_192' title='bbox 710 2564 745 2604; x_wconf 89' lang='lat' dir='ltr'><strong>eo</strong></span> <span class='ocrx_word' id='word_1_193' title='bbox 766 2545 862 2620; x_wconf 90' lang='lat' dir='ltr'><strong>magis</strong></span> <span class='ocrx_word' id='word_1_194' title='bbox 877 2545 1047 2615; x_wconf 88' lang='lat' dir='ltr'><strong>dolendum,</strong></span> <span class='ocrx_word' id='word_1_195' title='bbox 1067 2561 1127 2620; x_wconf 90' lang='lat' dir='ltr'><strong>quo</strong></span> <span class='ocrx_word' id='word_1_196' title='bbox 1149 2544 1279 2604; x_wconf 86' lang='lat' dir='ltr'><strong>maiores</strong></span> 
     </span>
     <span class='ocr_line' id='line_1_22' title="bbox 151 2654 1278 2734; baseline 0.002 -22"><span class='ocrx_word' id='word_1_197' title='bbox 151 2662 220 2712; x_wconf 91' lang='lat' dir='ltr'><strong>sunt</strong></span> <span class='ocrx_word' id='word_1_198' title='bbox 239 2655 324 2712; x_wconf 90' lang='lat' dir='ltr'><strong>dotes</strong></span> <span class='ocrx_word' id='word_1_199' title='bbox 343 2655 409 2712; x_wconf 82' lang='lat' dir='ltr'><strong>libri</strong></span> <span class='ocrx_word' id='word_1_200' title='bbox 425 2656 514 2714; x_wconf 90' lang='lat' dir='ltr'><strong>huius</strong></span> <span class='ocrx_word' id='word_1_201' title='bbox 536 2656 657 2730; x_wconf 86' lang='lat' dir='ltr'><strong>egregii,</strong></span> <span class='ocrx_word' id='word_1_202' title='bbox 680 2655 727 2713; x_wconf 92' lang='lat' dir='ltr'><strong>cui</strong></span> <span class='ocrx_word' id='word_1_203' title='bbox 746 2663 815 2731; x_wconf 91' lang='lat' dir='ltr'><strong>post</strong></span> <span class='ocrx_word' id='word_1_204' title='bbox 827 2655 937 2713; x_wconf 89' lang='lat' dir='ltr'><strong>librum</strong></span> <span class='ocrx_word' id='word_1_205' title='bbox 950 2654 1199 2731; x_wconf 85' lang='lat' dir='ltr'><strong>Bambergensem</strong></span> <span class='ocrx_word' id='word_1_206' title='bbox 1213 2657 1278 2734; x_wconf 90' lang='lat' dir='ltr'><strong>pri·</strong></span> 
     </span>
     <span class='ocr_line' id='line_1_23' title="bbox 149 2762 1278 2839; baseline 0.002 -17"><span class='ocrx_word' id='word_1_207' title='bbox 149 2782 213 2823; x_wconf 89' lang='lat' dir='ltr'><strong>mas</strong></span> <span class='ocrx_word' id='word_1_208' title='bbox 231 2765 308 2823; x_wconf 85' lang='lat' dir='ltr'><strong>inter</strong></span> <span class='ocrx_word' id='word_1_209' title='bbox 332 2765 462 2838; x_wconf 86' lang='lat' dir='ltr'><strong>reliquos</strong></span> <span class='ocrx_word' id='word_1_210' title='bbox 488 2764 603 2822; x_wconf 90' lang='lat' dir='ltr'><strong>codices</strong></span> <span class='ocrx_word' id='word_1_211' title='bbox 623 2762 779 2822; x_wconf 88' lang='lat' dir='ltr'><strong>Pliniauos</strong></span> <span class='ocrx_word' id='word_1_212' title='bbox 803 2773 903 2839; x_wconf 84' lang='lat' dir='ltr'><strong>partes</strong></span> <span class='ocrx_word' id='word_1_213' title='bbox 927 2764 1057 2822; x_wconf 81' lang='lat' dir='ltr'><strong>tribuere</strong></span> <span class='ocrx_word' id='word_1_214' title='bbox 1080 2782 1140 2821; x_wconf 91' lang='lat' dir='ltr'><strong>non</strong></span> <span class='ocrx_word' id='word_1_215' title='bbox 1165 2766 1278 2824; x_wconf 87' lang='lat' dir='ltr'><strong>dubito.</strong></span> 
     </span>
     <span class='ocr_line' id='line_1_24' title="bbox 149 2871 1279 2950; baseline 0 -18"><span class='ocrx_word' id='word_1_216' title='bbox 149 2871 282 2932; x_wconf 75' lang='lat' dir='ltr'><strong>Debetur</strong></span> <span class='ocrx_word' id='word_1_217' title='bbox 301 2872 422 2930; x_wconf 89' lang='lat' dir='ltr'><strong>librario</strong></span> <span class='ocrx_word' id='word_1_218' title='bbox 439 2889 561 2947; x_wconf 89' lang='lat' dir='ltr'><strong>prorsus</strong></span> <span class='ocrx_word' id='word_1_219' title='bbox 581 2872 718 2944; x_wconf 89' lang='lat' dir='ltr'><strong>indocto,</strong></span> <span class='ocrx_word' id='word_1_220' title='bbox 744 2874 825 2948; x_wconf 91' lang='lat' dir='ltr'><strong>quod</strong></span> <span class='ocrx_word' id='word_1_221' title='bbox 848 2873 954 2931; x_wconf 83' lang='lat' dir='ltr'><strong>infiniti</strong></span> <span class='ocrx_word' id='word_1_222' title='bbox 973 2892 1088 2932; x_wconf 89' lang='lat' dir='ltr'><strong>errores</strong></span> <span class='ocrx_word' id='word_1_223' title='bbox 1108 2875 1204 2932; x_wconf 89' lang='lat' dir='ltr'><strong>omnis</strong></span> <span class='ocrx_word' id='word_1_224' title='bbox 1229 2892 1279 2950; x_wconf 87' lang='lat' dir='ltr'><strong>go·</strong></span> 
     </span>
     <span class='ocr_line' id='line_1_25' title="bbox 149 2980 1279 3058; baseline 0.003 -19"><span class='ocrx_word' id='word_1_225' title='bbox 149 2983 230 3040; x_wconf 88' lang='lat' dir='ltr'><strong>neris</strong></span> <span class='ocrx_word' id='word_1_226' title='bbox 249 2988 409 3051; x_wconf 84' lang='lat' dir='ltr'><strong>testantur,</strong></span> <span class='ocrx_word' id='word_1_227' title='bbox 435 2980 486 3038; x_wconf 86' lang='lat' dir='ltr'><strong>aad</strong></span> <span class='ocrx_word' id='word_1_228' title='bbox 505 2980 668 3058; x_wconf 86' lang='lat' dir='ltr'><strong>descriptus</strong></span> <span class='ocrx_word' id='word_1_229' title='bbox 689 2989 736 3039; x_wconf 95' lang='lat' dir='ltr'><strong>est</strong></span> <span class='ocrx_word' id='word_1_230' title='bbox 755 2982 792 3041; x_wconf 88' lang='lat' dir='ltr'><strong>ab</strong></span> <span class='ocrx_word' id='word_1_231' title='bbox 813 2982 916 3040; x_wconf 88' lang='lat' dir='ltr'><strong>eodem</strong></span> <span class='ocrx_word' id='word_1_232' title='bbox 936 2983 1054 3041; x_wconf 88' lang='lat' dir='ltr'><strong>homine</strong></span> <span class='ocrx_word' id='word_1_233' title='bbox 1072 3001 1190 3044; x_wconf 85' lang='lat' dir='ltr'><strong>summa</strong></span> <span class='ocrx_word' id='word_1_234' title='bbox 1211 3002 1279 3042; x_wconf 90' lang='lat' dir='ltr'><strong>cum</strong></span> 
     </span>
     <span class='ocr_line' id='line_1_26' title="bbox 150 3090 1279 3170; baseline 0.003 -21"><span class='ocrx_word' id='word_1_235' title='bbox 150 3091 209 3149; x_wconf 85' lang='lat' dir='ltr'><strong>lida</strong></span> <span class='ocrx_word' id='word_1_236' title='bbox 232 3096 264 3148; x_wconf 88' lang='lat' dir='ltr'><strong>et</strong></span> <span class='ocrx_word' id='word_1_237' title='bbox 286 3090 427 3165; x_wconf 87' lang='lat' dir='ltr'><strong>religione</strong></span> <span class='ocrx_word' id='word_1_238' title='bbox 451 3109 489 3149; x_wconf 85' lang='lat' dir='ltr'><strong>ex</strong></span> <span class='ocrx_word' id='word_1_239' title='bbox 513 3090 672 3169; x_wconf 83' lang='lat' dir='ltr'><strong>archetypo</strong></span> <span class='ocrx_word' id='word_1_240' title='bbox 697 3092 825 3168; x_wconf 79' lang='lat' dir='ltr'><strong>egregio,</strong></span> <span class='ocrx_word' id='word_1_241' title='bbox 851 3102 881 3151; x_wconf 92' lang='lat' dir='ltr'><strong>et</strong></span> <span class='ocrx_word' id='word_1_242' title='bbox 902 3111 968 3152; x_wconf 90' lang='lat' dir='ltr'><strong>cum</strong></span> <span class='ocrx_word' id='word_1_243' title='bbox 987 3095 1141 3170; x_wconf 86' lang='lat' dir='ltr'><strong>permultis</strong></span> <span class='ocrx_word' id='word_1_244' title='bbox 1161 3093 1227 3152; x_wconf 89' lang='lat' dir='ltr'><strong>aliis</strong></span> <span class='ocrx_word' id='word_1_245' title='bbox 1247 3095 1279 3152; x_wconf 91' lang='lat' dir='ltr'><strong>in</strong></span> 
     </span>
     <span class='ocr_line' id='line_1_27' title="bbox 149 3199 1279 3280; baseline 0.004 -22"><span class='ocrx_word' id='word_1_246' title='bbox 149 3199 222 3259; x_wconf 88' lang='lat' dir='ltr'><strong>Iocis</strong></span> <span class='ocrx_word' id='word_1_247' title='bbox 243 3208 297 3259; x_wconf 85' lang='lat' dir='ltr'><strong>aut</strong></span> <span class='ocrx_word' id='word_1_248' title='bbox 315 3201 395 3260; x_wconf 89' lang='lat' dir='ltr'><strong>solus</strong></span> <span class='ocrx_word' id='word_1_249' title='bbox 414 3208 468 3259; x_wconf 84' lang='lat' dir='ltr'><strong>eut</strong></span> <span class='ocrx_word' id='word_1_250' title='bbox 486 3220 553 3260; x_wconf 92' lang='lat' dir='ltr'><strong>cum</strong></span> <span class='ocrx_word' id='word_1_251' title='bbox 576 3201 679 3259; x_wconf 88' lang='lat' dir='ltr'><strong>ceteris</strong></span> <span class='ocrx_word' id='word_1_252' title='bbox 694 3201 778 3258; x_wconf 89' lang='lat' dir='ltr'><strong>bouis</strong></span> <span class='ocrx_word' id='word_1_253' title='bbox 792 3202 876 3260; x_wconf 90' lang='lat' dir='ltr'><strong>libris</strong></span> <span class='ocrx_word' id='word_1_254' title='bbox 891 3204 1062 3280; x_wconf 85' lang='lat' dir='ltr'><strong>conspirans</strong></span> <span class='ocrx_word' id='word_1_255' title='bbox 1076 3205 1172 3280; x_wconf 92' lang='lat' dir='ltr'><strong>ipsam</strong></span> <span class='ocrx_word' id='word_1_256' title='bbox 1187 3205 1279 3262; x_wconf 89' lang='lat' dir='ltr'><strong>Plinii</strong></span> 
     </span>
     <span class='ocr_line' id='line_1_28' title="bbox 150 3311 1279 3390; baseline 0.004 -20"><span class='ocrx_word' id='word_1_257' title='bbox 150 3329 270 3370; x_wconf 87' lang='lat' dir='ltr'><strong>manum</strong></span> <span class='ocrx_word' id='word_1_258' title='bbox 284 3312 394 3390; x_wconf 85' lang='lat' dir='ltr'><strong>prodit,</strong></span> <span class='ocrx_word' id='word_1_259' title='bbox 417 3319 481 3369; x_wconf 87' lang='lat' dir='ltr'><strong>tum</strong></span> <span class='ocrx_word' id='word_1_260' title='bbox 499 3311 530 3368; x_wconf 93' lang='lat' dir='ltr'><strong>in</strong></span> <span class='ocrx_word' id='word_1_261' title='bbox 543 3311 711 3369; x_wconf 91' lang='lat' dir='ltr'><strong>nominibus</strong></span> <span class='ocrx_word' id='word_1_262' title='bbox 731 3312 933 3388; x_wconf 82' lang='lat' dir='ltr'><strong>geographicis</strong></span> <span class='ocrx_word' id='word_1_263' title='bbox 952 3315 1111 3389; x_wconf 87' lang='lat' dir='ltr'><strong>singularis</strong></span> <span class='ocrx_word' id='word_1_264' title='bbox 1131 3324 1178 3374; x_wconf 89' lang='lat' dir='ltr'><strong>ost</strong></span> <span class='ocrx_word' id='word_1_265' title='bbox 1196 3316 1279 3374; x_wconf 91' lang='lat' dir='ltr'><strong>boni·</strong></span> 
     </span>
     <span class='ocr_line' id='line_1_29' title="bbox 149 3420 1280 3501; baseline 0.005 -23"><span class='ocrx_word' id='word_1_266' title='bbox 149 3421 229 3480; x_wconf 84' lang='lat' dir='ltr'><strong>tatis.</strong></span> <span class='ocrx_word' id='word_1_267' title='bbox 262 3420 304 3480; x_wconf 83' lang='lat' dir='ltr'><strong>Et</strong></span> <span class='ocrx_word' id='word_1_268' title='bbox 331 3441 398 3481; x_wconf 92' lang='lat' dir='ltr'><strong>cum</strong></span> <span class='ocrx_word' id='word_1_269' title='bbox 421 3423 494 3479; x_wconf 87' lang='lat' dir='ltr'><strong>haec</strong></span> <span class='ocrx_word' id='word_1_270' title='bbox 518 3422 583 3496; x_wconf 85' lang='lat' dir='ltr'><strong>ipsa</strong></span> <span class='ocrx_word' id='word_1_271' title='bbox 607 3422 728 3479; x_wconf 91' lang='lat' dir='ltr'><strong>nomina</strong></span> <span class='ocrx_word' id='word_1_272' title='bbox 750 3422 782 3478; x_wconf 92' lang='lat' dir='ltr'><strong>in</strong></span> <span class='ocrx_word' id='word_1_273' title='bbox 807 3422 935 3480; x_wconf 84' lang='lat' dir='ltr'><strong>editione</strong></span> <span class='ocrx_word' id='word_1_274' title='bbox 954 3422 1184 3501; x_wconf 86' lang='lat' dir='ltr'><strong>Dalecampiana</strong></span> <span class='ocrx_word' id='word_1_275' title='bbox 1208 3424 1280 3484; x_wconf 91' lang='lat' dir='ltr'><strong>mihi</strong></span> 
     </span>
     <span class='ocr_line' id='line_1_30' title="bbox 150 3527 1279 3611; baseline 0.004 -23"><span class='ocrx_word' id='word_1_276' title='bbox 150 3547 264 3607; x_wconf 87' lang='lat' dir='ltr'><strong>semper</strong></span> <span class='ocrx_word' id='word_1_277' title='bbox 280 3527 296 3611; x_wconf 85' lang='grc' dir='ltr'>β</span> <span class='ocrx_word' id='word_1_278' title='bbox 310 3540 422 3602; x_wconf 81' lang='lat' dir='ltr'><strong>notata,</strong></span> <span class='ocrx_word' id='word_1_279' title='bbox 444 3532 523 3589; x_wconf 91' lang='lat' dir='ltr'><strong>uude</strong></span> <span class='ocrx_word' id='word_1_280' title='bbox 543 3536 656 3589; x_wconf 86' lang='lat' dir='ltr'><strong>ceterae</strong></span> <span class='ocrx_word' id='word_1_281' title='bbox 670 3531 708 3588; x_wconf 88' lang='lat' dir='ltr'><strong>ad</strong></span> <span class='ocrx_word' id='word_1_282' title='bbox 730 3540 864 3590; x_wconf 89' lang='lat' dir='ltr'><strong>nostrum</strong></span> <span class='ocrx_word' id='word_1_283' title='bbox 878 3533 954 3591; x_wconf 92' lang='lat' dir='ltr'><strong>diem</strong></span> <span class='ocrx_word' id='word_1_284' title='bbox 974 3535 1114 3592; x_wconf 88' lang='lat' dir='ltr'><strong>editiones</strong></span> <span class='ocrx_word' id='word_1_285' title='bbox 1136 3536 1279 3611; x_wconf 86' lang='lat' dir='ltr'><strong>originem</strong></span> 
     </span>
     <span class='ocr_line' id='line_1_31' title="bbox 149 3641 1279 3716; baseline 0.002 -18"><span class='ocrx_word' id='word_1_286' title='bbox 149 3657 234 3699; x_wconf 87' lang='lat' dir='ltr'><strong>suam</strong></span> <span class='ocrx_word' id='word_1_287' title='bbox 248 3641 405 3713; x_wconf 86' lang='lat' dir='ltr'><strong>duxerunt,</strong></span> <span class='ocrx_word' id='word_1_288' title='bbox 426 3647 479 3699; x_wconf 89' lang='lat' dir='ltr'><strong>aut</strong></span> <span class='ocrx_word' id='word_1_289' title='bbox 497 3659 552 3716; x_wconf 91' lang='lat' dir='ltr'><strong>ope</strong></span> <span class='ocrx_word' id='word_1_290' title='bbox 571 3643 716 3700; x_wconf 89' lang='lat' dir='ltr'><strong>bonorum</strong></span> <span class='ocrx_word' id='word_1_291' title='bbox 731 3643 864 3700; x_wconf 89' lang='lat' dir='ltr'><strong>codicum</strong></span> <span class='ocrx_word' id='word_1_292' title='bbox 878 3651 931 3701; x_wconf 92' lang='lat' dir='ltr'><strong>aut</strong></span> <span class='ocrx_word' id='word_1_293' title='bbox 944 3644 1114 3702; x_wconf 89' lang='lat' dir='ltr'><strong>coniecturis</strong></span> <span class='ocrx_word' id='word_1_294' title='bbox 1128 3644 1279 3705; x_wconf 91' lang='lat' dir='ltr'><strong>hominum</strong></span> 
     </span>
     <span class='ocr_line' id='line_1_32' title="bbox 149 3750 1279 3828; baseline 0.003 -20"><span class='ocrx_word' id='word_1_295' title='bbox 149 3750 301 3809; x_wconf 89' lang='lat' dir='ltr'><strong>doctorum</strong></span> <span class='ocrx_word' id='word_1_296' title='bbox 321 3751 434 3810; x_wconf 92' lang='lat' dir='ltr'><strong>dudum</strong></span> <span class='ocrx_word' id='word_1_297' title='bbox 452 3757 550 3809; x_wconf 86' lang='lat' dir='ltr'><strong>essent</strong></span> <span class='ocrx_word' id='word_1_298' title='bbox 570 3753 739 3823; x_wconf 85' lang='lat' dir='ltr'><strong>emendata,</strong></span> <span class='ocrx_word' id='word_1_299' title='bbox 765 3753 871 3828; x_wconf 85' lang='lat' dir='ltr'><strong>reliqui</strong></span> <span class='ocrx_word' id='word_1_300' title='bbox 891 3762 989 3812; x_wconf 88' lang='lat' dir='ltr'><strong>autem</strong></span> <span class='ocrx_word' id='word_1_301' title='bbox 1009 3755 1066 3811; x_wconf 88' lang='lat' dir='ltr'><strong>mei</strong></span> <span class='ocrx_word' id='word_1_302' title='bbox 1085 3752 1171 3825; x_wconf 90' lang='lat' dir='ltr'><strong>libri,</strong></span> <span class='ocrx_word' id='word_1_303' title='bbox 1197 3752 1279 3811; x_wconf 88' lang='lat' dir='ltr'><strong>etin</strong></span> 
     </span>
     <span class='ocr_line' id='line_1_33' title="bbox 148 3854 1278 3941; baseline 0.005 -24"><span class='ocrx_word' id='word_1_304' title='bbox 148 3858 193 3917; x_wconf 88' lang='lat' dir='ltr'><strong>his</strong></span> <span class='ocrx_word' id='word_1_305' title='bbox 208 3858 484 3920; x_wconf 87' lang='lat' dir='ltr'><strong>velRicoardianus</strong></span> <span class='ocrx_word' id='word_1_306' title='bbox 499 3854 570 3941; x_wconf 87' lang='lat' dir='ltr'><strong>(R),</strong></span> <span class='ocrx_word' id='word_1_307' title='bbox 593 3861 752 3919; x_wconf 88' lang='lat' dir='ltr'><strong>deteriores</strong></span> <span class='ocrx_word' id='word_1_308' title='bbox 774 3862 804 3920; x_wconf 92' lang='lat' dir='ltr'><strong>in</strong></span> <span class='ocrx_word' id='word_1_309' title='bbox 824 3861 860 3920; x_wconf 90' lang='lat' dir='ltr'><strong>iis</strong></span> <span class='ocrx_word' id='word_1_310' title='bbox 880 3862 1021 3920; x_wconf 89' lang='lat' dir='ltr'><strong>lectiones</strong></span> <span class='ocrx_word' id='word_1_311' title='bbox 1035 3860 1209 3937; x_wconf 86' lang='lat' dir='ltr'><strong>proferrent,</strong></span> <span class='ocrx_word' id='word_1_312' title='bbox 1231 3863 1278 3923; x_wconf 86' lang='lat' dir='ltr'><strong>hic</strong></span> 
     </span>
     <span class='ocr_line' id='line_1_34' title="bbox 148 3968 1278 4048; baseline 0.005 -21"><span class='ocrx_word' id='word_1_313' title='bbox 148 3976 251 4027; x_wconf 87' lang='lat' dir='ltr'><strong>noster</strong></span> <span class='ocrx_word' id='word_1_314' title='bbox 264 3968 357 4028; x_wconf 87' lang='lat' dir='ltr'><strong>codex</strong></span> <span class='ocrx_word' id='word_1_315' title='bbox 370 3968 402 4027; x_wconf 80' lang='lat' dir='ltr'>A</span> <span class='ocrx_word' id='word_1_316' title='bbox 415 3970 477 4029; x_wconf 89' lang='lat' dir='ltr'><strong>iere</strong></span> <span class='ocrx_word' id='word_1_317' title='bbox 493 3987 608 4044; x_wconf 88' lang='lat' dir='ltr'><strong>semper</strong></span> <span class='ocrx_word' id='word_1_318' title='bbox 622 3969 706 4029; x_wconf 88' lang='lat' dir='ltr'><strong>bonis</strong></span> <span class='ocrx_word' id='word_1_319' title='bbox 719 3970 779 4028; x_wconf 91' lang='lat' dir='ltr'><strong>illis</strong></span> <span class='ocrx_word' id='word_1_320' title='bbox 793 3971 967 4029; x_wconf 87' lang='lat' dir='ltr'><strong>lectionibus</strong></span> <span class='ocrx_word' id='word_1_321' title='bbox 989 3970 1178 4048; x_wconf 85' lang='lat' dir='ltr'><strong>suffragatur,</strong></span> <span class='ocrx_word' id='word_1_322' title='bbox 1199 3975 1278 4035; x_wconf 87' lang='lat' dir='ltr'><strong>unde</strong></span> 
     </span>
     <span class='ocr_line' id='line_1_35' title="bbox 149 4078 1277 4162; baseline 0.006 -25"><span class='ocrx_word' id='word_1_323' title='bbox 149 4079 186 4137; x_wconf 87' lang='lat' dir='ltr'><strong>de</strong></span> <span class='ocrx_word' id='word_1_324' title='bbox 207 4078 303 4156; x_wconf 89' lang='lat' dir='ltr'><strong>pretio</strong></span> <span class='ocrx_word' id='word_1_325' title='bbox 324 4086 485 4137; x_wconf 86' lang='lat' dir='ltr'><strong>ceterarum</strong></span> <span class='ocrx_word' id='word_1_326' title='bbox 507 4081 652 4138; x_wconf 90' lang='lat' dir='ltr'><strong>bonarum</strong></span> <span class='ocrx_word' id='word_1_327' title='bbox 670 4078 829 4137; x_wconf 87' lang='lat' dir='ltr'><strong>lectionum</strong></span> <span class='ocrx_word' id='word_1_328' title='bbox 847 4080 986 4138; x_wconf 90' lang='lat' dir='ltr'><strong>iudicium</strong></span> <span class='ocrx_word' id='word_1_329' title='bbox 1006 4081 1085 4141; x_wconf 91' lang='lat' dir='ltr'><strong>haud</strong></span> <span class='ocrx_word' id='word_1_330' title='bbox 1106 4086 1277 4162; x_wconf 86' lang='lat' dir='ltr'><strong>ambiguum</strong></span> 
     </span>
     <span class='ocr_line' id='line_1_36' title="bbox 149 4187 1277 4271; baseline 0.004 -23"><span class='ocrx_word' id='word_1_331' title='bbox 149 4187 220 4248; x_wconf 79' lang='lat' dir='ltr'><strong>ferri</strong></span> <span class='ocrx_word' id='word_1_332' title='bbox 240 4195 347 4265; x_wconf 84' lang='lat' dir='ltr'><strong>potest.</strong></span> <span class='ocrx_word' id='word_1_333' title='bbox 375 4188 433 4263; x_wconf 87' lang='lat' dir='ltr'><strong>Ita,</strong></span> <span class='ocrx_word' id='word_1_334' title='bbox 454 4195 488 4247; x_wconf 91' lang='lat' dir='ltr'><strong>ut</strong></span> <span class='ocrx_word' id='word_1_335' title='bbox 507 4189 566 4248; x_wconf 89' lang='lat' dir='ltr'><strong>duo</strong></span> <span class='ocrx_word' id='word_1_336' title='bbox 584 4196 699 4248; x_wconf 85' lang='lat' dir='ltr'><strong>tantum</strong></span> <span class='ocrx_word' id='word_1_337' title='bbox 720 4187 782 4247; x_wconf 87' lang='lat' dir='ltr'><strong>eius</strong></span> <span class='ocrx_word' id='word_1_338' title='bbox 800 4191 999 4267; x_wconf 81' lang='lat' dir='ltr'><strong>praestantiae</strong></span> <span class='ocrx_word' id='word_1_339' title='bbox 1015 4195 1152 4271; x_wconf 85' lang='lat' dir='ltr'><strong>exempla</strong></span> <span class='ocrx_word' id='word_1_340' title='bbox 1166 4195 1277 4271; x_wconf 69' lang='lat' dir='ltr'><strong>produ-</strong></span> 
     </span>
    </p>
   </div>
   <div class='ocr_carea' id='block_1_5' title="bbox 0 0 1448 4794">
    <p class='ocr_par' dir='ltr' id='par_1_6' title="bbox 0 0 1448 4794">
     <span class='ocr_line' id='line_1_37' title="bbox 0 0 1448 4794; baseline 0 0"><span class='ocrx_word' id='word_1_341' title='bbox 0 0 1448 4794; x_wconf 95' lang='lat' dir='ltr'><strong> </strong></span> 
     </span>
    </p>
   </div>
  </div>
 </body>
</html>
