2888 4794
498 319 568 365 ars.
588 320 620 364 v.
652 318 729 364 aare
746 322 767 364 r.
799 318 896 366 sacr.
913 322 930 361 1.
1210 301 1272 364 337

116 469 338 535 -excelsitate
372 466 502 551 quidem
535 469 604 533 ’eius
637 489 719 552 quae
749 468 868 546 ceteri,
901 467 982 533 imas
1010 467 1134 532 radices
1164 467 1273 534 densis

150 571 286 653 altisque
312 568 451 654 repletas
478 567 566 633 silvis
592 567 755 655 incognito
783 589 902 655 genere
930 567 1095 649 arborum,
1129 569 1272 655 proceri·

151 681 250 737 tatem
272 669 480 758 spectabilem
503 691 573 735 esse
597 668 691 733 enodi
712 667 834 747 nitore,
864 668 987 734 frondis
1010 671 1156 756 cupressi
1177 693 1272 756 prae-

151 783 264 857 terque
286 773 476 860 gravitatem
496 771 604 837 odoris
611 796 620 849 3
645 769 733 836 tenui
756 793 810 835 eas
832 770 949 836 obduci
970 772 1132 858 lanugine,
1155 773 1273 856 quibus

150 875 262 940 addita
282 885 351 939 arte
372 896 468 960 posse
488 873 600 958 quales
623 894 641 937 e
662 871 820 957 bombyce
841 873 943 939 vestis
965 873 1093 951 confici3
1120 874 1275 941 verticem

152 977 227 1041 altis
248 977 345 1042 etiam
367 986 489 1041 aestate
511 973 627 1062 operiri
649 974 789 1039 nivibus.
814 972 970 1040 Decumis
985 997 1020 1041 se
1036 998 1074 1041 eo
1088 977 1274 1063 pervenisse
1289 999 1319 1043 ιο

151 1078 266 1144 castris
293 1089 327 1143 et
351 1079 436 1143 ultra
462 1076 504 1142 ad
527 1077 661 1142 fluvium
683 1074 738 1161 qui
761 1072 830 1141 Ger
850 1087 984 1142 vocetur
1005 1099 1065 1163 per
1086 1078 1274 1145 solitudines

150 1180 235 1268 nigri
256 1179 414 1265 pulveris,
441 1177 654 1244 eminentibus
675 1177 838 1243 interdum
860 1177 950 1249 velut
971 1178 1094 1245 exustis
1117 1181 1274 1260 cautibus,

149 1282 221 1347 loca
235 1279 455 1347 inhabitabilia
468 1279 604 1358 fervore,
625 1302 819 1366 quamquam
833 1279 967 1346 hiberno
982 1292 1136 1367 ternpore,
1157 1305 1274 1368 exper-

152 1394 212 1448 tos.
241 1382 307 1465 Qui
326 1403 501 1470 proxumos
519 1381 698 1446 inhabitent
716 1382 746 1447 ei
766 1383 867 1447 saltus
880 1381 1018 1449 refertos
1033 1383 1275 1471 elephantorum

150 1483 356 1569 ferarumque
380 1494 413 1548 et
435 1481 633 1568 serpentium
659 1482 745 1548 omni
771 1505 891 1569 genere
918 1481 1073 1551 Canariae
1103 1486 1257 1572 appellari
1264 1510 1273 1562 3

150 1584 271 1671 quippe
291 1585 415 1651 victum
442 1585 512 1650 eius
539 1583 685 1648 animalis
706 1584 902 1668 promiscum
923 1584 973 1650 his
996 1610 1067 1653 esse
1089 1598 1123 1653 et
1144 1587 1275 1653 dividua

150 1684 292 1750 ferarum
313 1687 447 1750 viscera.
477 1683 626 1748 Iunctam
640 1680 841 1767 Aethiopum
861 1694 1002 1770 gentem,
1023 1709 1106 1771 quos
1119 1685 1275 1753 Perorsos
1290 1709 1321 1754 ιο

150 1796 276 1864 vocant,
300 1786 377 1850 satis
393 1794 528 1850 constat.
556 1782 640 1847 Iuba
660 1781 838 1867 Ptolemaei
858 1794 961 1869 pater,
985 1770 1040 1870 qui
1054 1782 1178 1872 primus
1192 1790 1275 1855 utri-

151 1910 214 1972 que
228 1885 449 1952 Mauretaniae
463 1883 659 1970 inperitavit,
683 1882 861 1948 studiorum
882 1885 1027 1952 claritate
1041 1889 1276 1957 memorabilior

151 1989 250 2055 etiam
277 2010 375 2072 quam
400 2010 516 2074 regno,
548 1984 663 2051 similia
687 1984 831 2071 prodidit
855 1986 896 2051 de
923 1987 1055 2055 Atlante
1083 2002 1275 2078 praeterque

150 2090 244 2178 gigni
271 2089 404 2155 herbam
432 2087 479 2153 ibi
506 2085 714 2172 euphorbium
740 2086 869 2151 nomine
896 2086 937 2155 ab
962 2088 1128 2164 inventore
1149 2095 1274 2162 medico

150 2281 191 2315 ses
203 2274 376 2329 transmersus,
387 2262 477 2313 Ambr.
490 2261 526 2310 IL
544 2258 659 2310 lonenses
670 2269 847 2326 transyressns,
859 2262 888 2312 P.
912 2279 1009 2315 enensca
1021 2274 1195 2332 transqressos,
1207 2271 1273 2321 Βοὴ.

149 2334 291 2396 vulgatam
302 2333 453 2394 scripturam
464 2329 658 2393 interpolatione
675 2343 729 2378 esse
746 2337 891 2392 corruptam
909 2332 977 2382 clare
992 2335 1084 2384 docent
1099 2337 1226 2388 bonorum
1241 2339 1274 2388 li.

150 2400 253 2451 brorum
263 2400 395 2458 lectiones,
407 2401 474 2448 unde
486 2397 594 2448 coniicio
606 2396 719 2447 Plinium
735 2397 864 2461 scripsisse
876 2413 984 2450 emensam
996 2398 1032 2464 (v.
1046 2403 1159 2454 Gronov.
1173 2409 1206 2457 ad
1217 2407 1272 2457 Liv.

151 2474 193 2530 ³8,
207 2466 267 2532 lt),
279 2468 320 2518 cui
331 2468 389 2517 voci
400 2468 556 2530 glossemata
570 2479 689 2529 apresens,
707 2471 875 2528 transqrasaas
889 2483 905 2516 a
920 2468 1028 2520 librariis
1044 2472 1171 2536 adscripta
1186 2489 1273 2525 veram

150 2535 294 2596 lectionem,
307 2543 336 2585 ut
346 2537 382 2596 lit,
395 2536 554 2600 expulerunt.
572 2573 603 2582 ..
628 2549 722 2596 qaoque
732 2547 799 2596 pone
810 2531 860 2583 aa.
873 2536 983 2586 collocat
994 2537 1024 2587 Ρ.
1048 2578 1080 2588 -
1102 2538 1226 2602 athlante,
1238 2542 1272 2592 A..

152 2642 184 2652 ..
202 2603 311 2668 aliquod,
322 2604 385 2654 ΒΙ).
404 2642 436 2650 -
455 2619 534 2664 quarn,
550 2601 580 2651 P.
599 2640 631 2648 ..
648 2599 742 2659 cetaria
758 2600 790 2649 Β.
809 2640 842 2648 ..
860 2601 960 2662 radiosis,
976 2604 1008 2652 Β.
1036 2644 1068 2653 -
1091 2607 1272 2670 proceritatem,

150 2664 602 2730 Rauran(nmbr.1.11.1t0b.)
622 2665 775 2729 procerum,
787 2666 818 2715 N.
842 2707 874 2715 ..
896 2668 1132 2732 ammonemur
1158 2714 1189 2722 -
1212 2692 1272 2736 esse,

150 2737 302 2788 annau.
316 2736 405 2786 Omine
415 2735 441 2784 D
451 2727 551 2812 OPJUJ
562 2729 655 2810 (Bab.)
668 2771 700 2779 -
713 2739 802 2829 tepore,
813 2733 958 2811 Marldand.
970 2737 1003 2784 ad
1015 2736 1079 2788 Stat.
1091 2739 1153 2790 silv.
1162 2743 1198 2803 11,
1211 2749 1234 2800 ³,
1248 2749 1272 2793 2.

151 2797 746 2932 u‚⁶ttttt.3¹stttt.ttttttlitt
758 2799 1273 2937 sttttnttlabnhttffitt

152 2943 177 2998 ο,
189 2940 246 2988 667.
260 2976 291 2985 ..
302 2945 457 2999 praeterque,
469 2936 573 2985 Barbar.
585 2933 664 2984 NPa.
679 2943 778 2997 preater
789 2951 848 2998 qna,
860 2935 914 2986 RD
930 2934 1000 2999 (libri
1011 2956 1052 3004 ap.
1064 2941 1172 2993 Salmas.
1189 2957 1271 2995 exere.

152 3019 177 3068 p.
190 3010 247 3054 208.
259 3005 283 3054 ὴ.
295 3000 339 3064 Β.)
355 3011 535 3067 praeterquam,
552 3002 598 3051 Ad
609 2997 704 3063 (Βοὴ.)
723 3010 833 3066 praeter,
845 3006 918 3054 codd.
930 3006 1043 3070 Barbari,
1055 3010 1145 3060 Ambr.
1157 3013 1179 3062 1.
1191 3014 1225 3062 Π.
1240 3054 1272 3063 -

149 3070 277 3138 pravitate,
289 3071 393 3122 RDPd
405 3068 476 3132 (libri
487 3066 607 3132 Salmas)
626 3109 658 3117 ..
676 3066 787 3132 adoriae,
796 3085 820 3120 a.
840 3113 871 3121 ..
889 3073 975 3136 tenum,
987 3078 1039 3127 Rd.
1053 3119 1085 3128 ..
1103 3078 1152 3140 eni,
1164 3081 1272 3132 Salmas.
1300 3111 1305 3129 .

151 3153 232 3188 exerc.
245 3155 269 3203 p.
283 3144 340 3190 209.
353 3155 375 3188 a.
389 3138 420 3190 G.
434 3180 465 3188 -
484 3135 601 3199 adducta,
611 3137 644 3187 N.
657 3178 688 3186 ...
707 3136 833 3202 aequales,
845 3141 877 3191 Β.
891 3182 922 3190 ..
935 3160 955 3204 e,
968 3145 1049 3196 omitt.
1065 3148 1173 3198 RPa¹d
1185 3144 1273 3210 (codd.

150 3207 234 3268 Reum,
246 3204 327 3268 Βοὴ.)
345 3247 377 3256 ..
395 3216 493 3268 aestate,
505 3207 587 3258 omitt.
599 3205 622 3256 P
633 3201 724 3266 (Βοὴ.)
743 3248 774 3256 -
792 3208 902 3270 nubebus,
913 3211 942 3261 P.

185 3273 252 3335 515.
278 3273 394 3337 Derion,
410 3276 439 3326 P.
468 3316 499 3324 ..
529 3273 588 3335 Ger,
604 3274 761 3324 RADTan
778 3273 880 3338 (Ambr.
897 3277 932 3340 1.)
962 3279 1060 3343 Geram,
1078 3285 1143 3334 Βοὴ.
1169 3282 1226 3348 Sur,
1242 3287 1272 3336 P.

149 3339 235 3408 Niqer,
247 3345 272 3394 N
284 3340 410 3408 (plerique
422 3346 490 3406 apud
501 3337 591 3402 Reae.)
602 3335 632 3400 β.
652 3381 684 3390 -
700 3351 806 3403 vocetur,
819 3346 935 3395 RDa¹d
958 3359 1066 3410 aucamr,
1077 3352 1168 3402 APa²
1180 3350 1272 3416 (Βοὴ.)

149 3405 177 3469 β.
196 3421 328 3471 vocarem,
344 3402 424 3474 θΝγ.
444 3450 475 3458 -
490 3427 545 3473 pro,
557 3409 618 3458 RN.
637 3448 669 3456 ..
686 3407 815 3470 sildudine,
827 3413 858 3460 N.
879 3414 1029 3475 -fervere,
1041 3418 1071 3466 P.
1096 3458 1127 3466 ..
1150 3430 1273 3484 expertos,

148 3477 200 3527 NP
212 3475 315 3539 (Ambr.
327 3477 349 3525 L
360 3479 396 3527 11.
408 3473 488 3536 Βοὴ.)
506 3483 610 3538 experto,
621 3472 782 3536 RADadss.
801 3487 920 3541 expertus,
932 3495 946 3529 r
957 3479 1038 3544 (quod
1049 3485 1140 3547 probat
1151 3486 1228 3536 Voss.
1241 3490 1273 3538 de

150 3543 309 3593 histor.Lat.
324 3548 346 3602 l,
359 3539 414 3604 26.)
440 3543 658 3606 asperumcodd.
671 3542 749 3591 Hard.
761 3555 787 3607 γ.
815 3584 846 3593 ..
873 3543 1045 3610 inhabitante,
1063 3553 1159 3602 itanas
1171 3552 1272 3618 scripsi·
1344 3545 1353 3558 ‘

149 3625 207 3660 mus
218 3625 251 3660 ex
262 3610 375 3673 vestigiis
387 3610 525 3673 scripturae
537 3610 661 3670 codicum,
674 3625 783 3672 qnorum
800 3613 872 3675 on'go
888 3629 934 3677 per
949 3616 1021 3667 illam
1043 3619 1217 3672 coniecturam
1234 3622 1272 3673 fa-

150 3676 244 3726 cillime
255 3678 407 3742 explicatur:
420 3677 506 3728 eiscil.
517 3679 595 3728 fluvio
607 3677 666 3728 Ger.
685 3675 827 3742 inhabitent,
839 3681 894 3731 AN
898 3676 920 3741 β
924 3696 949 3746 γ.
968 3684 1110 3747 inhabitant,
1122 3689 1166 3739 Pa
1178 3687 1272 3751 (Βοὴ.)
1355 3698 1364 3712 “

149 3741 309 3807 inhabitante,
326 3746 387 3796 ΒῙ).
411 3745 657 3806 intentantem.
675 3785 708 3795 -
726 3747 826 3810 reserrr,
838 3749 870 3798 Β.
889 3790 920 3799 ..
939 3752 1025 3802 aarum
1037 3753 1099 3816 eius,
1112 3755 1272 3807 RADpad,

148 3812 271 3874 ymnaN.
295 3852 327 3861 -
350 3812 387 3862 his
399 3828 461 3873 esse,
473 3813 575 3876 RvDad.
595 3812 625 3861 iis
637 3830 695 3869 esse,
706 3813 740 3863 Α.
759 3831 811 3864 esse
823 3814 870 3878 nis,
881 3818 911 3868 P.
929 3833 991 3880 esse,
1003 3822 1034 3871 N.
1063 3861 1093 3870 ..
1121 3832 1142 3871 et
1163 3821 1271 3885 dividua,
1356 3840 1362 3852 ·

149 3878 312 3929 RADNad.
331 3888 352 3928 et
362 3879 455 3943 divisa,
466 3881 499 3929 K.
518 3877 657 3939 individua,
668 3874 698 3930 P.

185 3943 253 4005 §lt-
275 3943 397 4004 Innatam,
409 3947 513 3997 NDad.
531 3940 749 4008 insternunt?
762 3945 854 4010 (Βοὴ.)
874 3992 905 4001 -
926 3963 1002 4018 penta,
1014 3957 1041 4006 A
1052 3951 1146 4019 (Βοὴ.)
1169 3998 1201 4006 ..
1222 3956 1271 4006 Pe·

150 4012 289 4073 romuald.
315 4012 422 4074 Perors’,
434 4016 465 4064 Β.
491 4013 655 4074 Perorroe,a.
677 4056 709 4064 ..
735 4013 875 4079 Ptolomaei,
887 4021 919 4069 Β.
943 4062 975 4070 ,
1003 4023 1053 4088 qui,
1066 4025 1168 4075 Aptae·
1182 4025 1271 4076 omitt,

150 4078 418 4143 TRDPsufflob.)
445 4121 477 4130 ..
504 4080 659 4144 imperitavit,
675 4082 788 4133 RADd.
816 4081 953 4149 imperavit,
969 4090 1041 4140 NPa
1058 4089 1151 4154 (Βοὴ.)
1167 4087 1219 4156 βγ.
1238 4087 1286 4144 ..’

149 4149 220 4199 niam
237 4164 319 4213 qaam,
335 4148 499 4200 RADNad.
526 4155 551 4196 et
566 4156 688 4212 tamqnam
703 4149 740 4211 de,
757 4151 823 4200 Βοὴ.
850 4168 932 4216 qaam,
948 4155 978 4204 P.
1006 4197 1038 4207 ..
1061 4160 1152 4224 prodit,
1168 4161 1214 4212 ΝΙ,
1239 4203 1270 4212 ,

149 4215 245 4266 herbam
257 4215 299 4275 ibi,
310 4215 438 4266 ADTad
451 4212 543 4278 (Βοὴ.)
560 4214 595 4266 ibi
606 4213 710 4278 ternans,
722 4212 857 4282 RNPssr.
871 4260 901 4271 ..
921 4224 1087 4289 anphorbemn,
1098 4228 1132 4278 A.
1151 4227 1271 4295 beuplor.

150 4283 270 4399 impla
288 4284 346 4335 vid.
360 4283 441 4334 Solin.
455 4288 495 4345 24,
508 4288 531 4332 9.
551 4325 582 4333 ..
600 4283 786 4344 {manderem
847 4320 853 4331 .

205 4363 258 4400 arr.
276 4351 297 4400 1.
1026 4357 1066 4420 22
