2888 4794
591 270 809 319 susurrum.
1244 255 1261 313 7

144 422 280 509 quisque
303 445 418 490 esusse
440 445 515 490 suse
537 424 677 490 iudioem
699 423 777 488 fucit
797 442 1041 505 quemeumque,
1065 444 1138 487 oum
1161 421 1261 509 eligit,

143 533 229 600 unde
250 535 435 621 provoostio
457 535 646 622 appellatur.
682 533 734 620 sse
756 533 887 617 quidem
908 533 941 597 in
963 532 1182 598 excelsissimo
1202 552 1261 620 ge-
1278 549 1304 593 11

143 644 229 710 neris
254 643 385 710 humani
411 645 541 734 fastigio
568 645 724 730 positum,
759 664 883 708 summa
910 642 1106 725 eloquentia,
1140 663 1264 707 summe

144 754 321 821 eruditione
348 755 546 841 praeditum,
578 755 726 842 religiose
759 753 840 818 odiri
873 752 969 818 etism
1000 774 1021 815 a
1051 752 1263 818 salutantibus

143 865 220 944 soie,
244 875 277 933 et
297 865 371 932 ideo
394 865 480 931 subit
502 887 578 932 eura
598 875 636 931 ut
657 886 740 948 quse
762 863 821 928 tibi
843 862 992 927 dicentur
1014 872 1046 927 te
1068 861 1167 950 digne
1188 862 1262 929 sint

143 975 267 1043 Verum
287 975 338 1070 dis
359 977 444 1043 lueto
457 976 569 1041 rustici
583 963 777 1059 multaeque
782 983 897 1062 gentes
912 971 1105 1059 supplicant,
1130 981 1163 1038 et
1180 972 1265 1039 mols

145 1096 268 1152 tantum
289 1087 373 1152 sulse
392 1087 486 1154 litent
512 1086 567 1169 qui
593 1108 657 1151 non
686 1084 805 1150 habent
826 1093 914 1162 tura3
942 1105 1003 1148 nec
1024 1081 1081 1149 ulli
1103 1081 1166 1147 fuit
1186 1082 1264 1149 vitio

143 1195 222 1263 deos
249 1198 353 1263 solere
380 1218 509 1281 quoquo
535 1196 631 1262 modo
657 1205 777 1281 posset
821 1192 919 1260 Meae
940 1191 1073 1278 quidem
1094 1193 1264 1259 temeritati
1279 1210 1309 1254 12

142 1306 279 1371 sesessit
298 1306 360 1372 hoe
381 1327 521 1390 quoque,
549 1306 637 1390 quod
661 1306 791 1372 levioris
813 1327 929 1391 operae
955 1303 1015 1369 hos
1038 1303 1095 1372 tibi
1116 1303 1263 1372 dediosvi

142 1413 276 1481 libellos.
313 1414 397 1481 Num
418 1438 480 1482 nso
500 1415 610 1504 ingeni
632 1426 707 1482 sunt
728 1437 873 1501 espanes,
897 1415 985 1498 quod
1006 1414 1147 1498 alioquin
1168 1413 1264 1481 nobis

142 1544 298 1611 perquam
317 1526 480 1593 mediocre
502 1536 581 1604 erat,
604 1548 664 1591 neo
678 1525 853 1591 admittunt
867 1546 1020 1590 excessus
1035 1533 1091 1590 sut
1105 1525 1264 1591 orationes

143 1634 345 1703 sermonesve
367 1646 424 1703 sut
445 1659 538 1702 ossus
564 1636 717 1701 mirabilis
744 1636 797 1700 vel
823 1644 958 1700 eventus
979 1635 1096 1713 varios,
1123 1633 1265 1701 iucunde

142 1744 233 1812 dictu
252 1757 309 1812 eut
328 1733 510 1835 legentibus
531 1745 660 1823 blanda,
687 1744 787 1810 sterili
807 1746 951 1811 materis.
995 1744 1118 1811 Rerum
1136 1756 1261 1824 natine,
1277 1769 1309 1816 1s

141 1855 203 1922 hoo
224 1866 284 1934 est,
306 1855 373 1920 vita
393 1866 541 1921 narratur
561 1855 695 1920 ethaeo
716 1853 935 1919 sordidissima
948 1855 999 1918 sui
1012 1864 1115 1939 parte,
1136 1864 1175 1919 ut
1184 1855 1261 1951 plu-

138 1986 306 2032 rummum
330 1987 438 2031 rerum
464 1975 521 2030 sut
546 1964 675 2029 rustiois
702 1963 867 2028 vocubulis
894 1972 951 2028 sut
977 1962 1134 2041 externis,
1163 1963 1263 2031 immo

139 2221 257 2289 probari,
270 2216 298 2274 Δ.
311 2220 344 2274 ab
357 2238 384 2273 se
392 2221 503 2288 probari
511 2238 596 2288 posse,
614 2222 668 2273 Tu.
682 2220 718 2271 ad
728 2237 756 2271 se
765 2219 877 2286 probari
884 2236 969 2286 posse,
986 2222 1011 2271 b.
1025 2221 1170 2286 approbari
1175 2240 1262 2289 posse,

140 2289 170 2354 β.
183 2330 211 2342 -
240 2291 298 2355 ecit,
309 2294 340 2344 P.
351 2330 386 2340 ..
399 2306 582 2356 quemcumque,
595 2306 619 2341 a.
631 2328 665 2339 ...
677 2305 740 2353 eum,
751 2290 900 2356 sdePp.
914 2298 971 2352 tum,
983 2285 1007 2340 λ.
1031 2291 1161 2343 Omittunt
1170 2293 1261 2345 Ambe.
1310 2319 1313 2323 ·

141 2362 176 2412 IL
188 2348 211 2408 Λ
236 2397 243 2412 .
255 2399 290 2408 -
302 2356 382 2426 eupit,
395 2352 595 2425 s²dedpln
610 2357 693 2424 clepit,
705 2359 759 2408 s'P
772 2354 912 2421 (Murbac.)
924 2354 953 2420 β.
962 2397 997 2405 -
1006 2357 1074 2420 iude,
1085 2356 1161 2427 Ρηλ.
1173 2400 1209 2409 -.
1217 2377 1262 2412 nec

139 2427 291 2492 muneratio
301 2427 428 2480 audiatur
438 2428 479 2476 vel
491 2425 657 2492 admittatur,
675 2426 779 2477 Crusius
791 2428 896 2491 probsb.
914 2427 969 2478 orit.
982 2433 1006 2478 6.
1027 2429 1094 2479 Mihi
1105 2430 1191 2493 potius
1203 2444 1262 2481 enm

141 2496 251 2549 Sehotto
264 2498 330 2547 obss.
350 2503 373 2558 5,
387 2502 410 2546 5.
422 2504 448 2546 et
463 2496 596 2545 Hurduino
609 2497 673 2545 hseo
685 2495 734 2544 tria
747 2496 825 2544 verba
836 2497 973 2558 glossatori
990 2496 1067 2547 slioni
1078 2498 1163 2547 deberi
1174 2498 1260 2549 viden·

142 2572 190 2625 επ,
206 2571 275 2619 certe
289 2579 344 2614 non
359 2571 475 2628 spperet,
493 2577 544 2626 quo
564 2563 672 2612 oonsilio
689 2563 788 2613 Plinius
804 2578 835 2613 ee
851 2566 981 2615 addiderit
1003 2566 1082 2616 Isnus
1096 2566 1114 2614 1.
1126 2567 1145 2615 l.
1163 2580 1189 2630 p.
1201 2571 1259 2616 tot.

141 2633 218 2683 verbe
227 2633 274 2683 ille
284 2633 321 2682 its
332 2632 452 2693 defendit,
463 2639 492 2681 ut
503 2645 550 2695 pro
563 2646 682 2679 summum
696 2631 796 2693 legetur
807 2646 929 2680 reversos

174 2698 248 2761 fill.
271 2698 490 2761 excellentissimo,
512 2692 729 2761 [iffi-penoris
750 2696 866 2758 humani,
887 2691 950 2748 edd
979 2693 1002 2748 λ.
1026 2696 1131 2747 dumosi
1149 2698 1260 2762 poneris,

141 2763 240 2832 bPssr.
252 2766 378 2828 -odirs',
391 2761 533 2835 sdeql.
557 2763 674 2827 adierim,
693 2767 746 2815 Td.
759 2803 794 2811 ..
806 2759 878 2826 eud.
890 2802 925 2810 -
973 2780 1009 2825 eo,
1025 2767 1056 2816 P.
1068 2765 1184 2814 -ssdit
1196 2782 1263 2816 osseo

142 2842 177 2898 ut,
188 2851 213 2886 e.
231 2851 296 2886 cura
307 2843 343 2896 ut,
359 2838 404 2887 Τὰ
416 2830 557 2898 (Murbeo.)
569 2850 616 2882 cur
627 2842 662 2894 ut,
679 2835 703 2884 b.
722 2833 822 2893 curaui,
838 2825 966 2899 ΡΔηλΚ.
980 2831 1074 2881 curavi
1085 2840 1120 2893 ut,
1136 2833 1227 2885 Ambr.
1239 2837 1261 2886 Ι.

143 2902 263 2953 immensu
275 2911 383 2968 praeter
399 2911 499 2952 ceteras
516 2901 586 2952 subit
598 2917 670 2962 cura,
680 2896 710 2964 β.
719 2940 754 2947 ..
764 2898 877 3018 quoddp.
885 2938 921 2947 -
930 2898 1055 2962 dicentur,
1065 2900 1096 2951 P.
1110 2897 1222 2963 dicatur,
1234 2918 1261 2970 η.

140 3006 176 3019 ...
186 2978 211 3020 te
222 2968 346 3036 diffsus.
359 2979 410 3021 tum
422 2969 509 3035 dique,
520 2964 607 3022 del
621 2966 762 3032 (Murbec.)
774 2986 829 3018 eum

140 3040 215 3091 herus
226 3040 252 3104 Κ
263 3036 367 3103 (Ambr.
382 3036 417 3102 1.)
435 3048 491 3089 cum
503 3047 566 3103 apta
579 3045 629 3087 tum
641 3036 733 3102 dique,
749 3039 890 3090 Rhenanus
901 3038 1066 3102 insuperalis
1078 3038 1155 3088 otium
1166 3052 1261 3104 propo·

140 3121 212 3158 nens.
224 3143 259 3155 ...
277 3104 367 3157 Verum
379 3106 433 3170 dis,
446 3109 477 3159 Τ.
490 3106 581 3157 Verum
593 3103 654 3168 diis,
668 3123 682 3157 r
698 3104 839 3171 (Murbsc.)
853 3104 984 3168 verendis,
997 3108 1076 3158 sbd¹.
1090 3104 1218 3169 verendis,
1229 3108 1260 3160 P.

139 3173 299 3236 verecundis,
312 3167 363 3242 Ap.
377 3191 435 3227 vere
447 3192 502 3226 cum
513 3174 575 3236 diis,
588 3167 611 3224 λ.
633 3185 739 3224 serenet
750 3174 800 3236 dis,
813 3179 850 3226 d².
876 3174 967 3225 Verum
979 3183 1004 3224 et
1016 3173 1078 3236 diis,
1089 3170 1141 3240 βγ.
1153 3214 1188 3223 -
1200 3192 1260 3240 sup·

135 3240 246 3306 plicent,
262 3244 384 3294 omittunt
400 3236 600 3310 sbdrPpol
614 3240 754 3306 (Mnrbso.)
767 3245 878 3305 Retinui,
896 3244 957 3307 quis
968 3243 1005 3293 its
1021 3246 1099 3294 modo
1117 3259 1261 3308 pronomen
1293 3288 1301 3307 s

139 3309 185 3373 qui
196 3312 229 3361 sd
240 3311 380 3362 subiectum
392 3311 414 3362 e'e'
425 3313 548 3363 omissum
559 3327 643 3375 neque
655 3315 687 3361 ad
699 3310 842 3374 multaeque
852 3320 939 3375 pentes
951 3310 1065 3373 refertur,
1081 3321 1137 3362 tum
1149 3315 1209 3376 qnia
1220 3315 1260 3365 lo·

139 3378 209 3429 ontio
221 3375 369 3443 supplicare
382 3378 473 3442 eliqua
486 3396 513 3428 re
524 3380 610 3430 Plinio
624 3388 662 3429 est
678 3379 822 3439 lumilisris3
839 3380 889 3428 vid.
903 3385 943 3440 12,
955 3384 995 3429 84.
1011 3385 1050 3440 lu,
1063 3385 1087 3429 2.
1100 3386 1141 3440 22,
1156 3388 1213 3432 118.
1224 3419 1260 3429 .-

139 3442 239 3494 stmola
248 3452 345 3496 tautum
354 3445 436 3506 salso,
447 3443 541 3512 dPspl.
555 3455 579 3495 et
588 3461 654 3494 more
667 3453 764 3494 tantum
776 3444 858 3506 salso,
870 3440 921 3495 bd.
935 3453 959 3492 et
968 3445 1032 3493 mori
1043 3446 1123 3508 saka,
1133 3449 1164 3497 T.
1177 3447 1260 3511 salsa,

139 3528 156 3561 s
171 3526 230 3562 enm
245 3515 329 3578 spetio
340 3530 387 3564 sex
398 3516 546 3566 litterarum.
559 3554 593 3561 ..
606 3512 690 3573 litant,
703 3508 797 3578 ᾱΡηλ.
822 3513 950 3563 Omittnnt
962 3514 1027 3562 st
1039 3505 1059 3559 Δ
1072 3511 1215 3576 (Morbus.)
1226 3554 1261 3563 -

140 3577 308 3698 qfflmhnus.
320 3619 355 3628 ..
366 3580 459 3632 labent
476 3591 544 3646 tura,
556 3583 609 3634 Τὰ.
623 3581 755 3644 labentur,
771 3582 816 3632 ab.
830 3578 931 3642 labent,
947 3573 1048 3647 qul.
1061 3618 1096 3626 -
1108 3578 1171 3644 ulla,
1183 3584 1213 3632 P.
1226 3622 1260 3631 ..

139 3662 149 3696 e
187 3664 197 3697 ι
273 3686 280 3700 .

173 3712 189 3776 ἱ
202 3684 243 3767 1ῆῖ
253 3662 324 3779 'lVeu
335 3718 366 3768 P.
377 3733 468 3780 -nec‚
481 3713 619 3788 adepl.
633 3734 694 3779 essm,
707 3718 918 3782 'sd-capacis,
931 3714 1108 3780 d-alioqui,
1120 3732 1184 3766 η.-
1196 3725 1260 3779 erat,

140 3784 263 3836 omittunt
273 3778 319 3852 ηλ.
327 3821 357 3830 ..
369 3800 455 3848 neque,
471 3787 557 3837 bd..-
567 3787 693 3847 omittunt,
706 3782 793 3853 pt-
802 3795 837 3849 ut,
849 3788 920 3837 P...
930 3799 1112 3847 sermonesque,
1124 3785 1196 3834 'l'.-
1206 3786 1261 3845 out,
1346 3789 1358 3812 ‘

140 3853 214 3903 oodd.
225 3852 339 3912 nabau,
356 3853 439 3903 Murb.
456 3853 534 3918 apud,
547 3847 705 3919 sdedpl.
717 3893 752 3900 -
764 3870 848 3916 casus,
866 3856 950 3905 sde
967 3851 1053 3915 (codd.
1066 3853 1151 3912 Barb„
1162 3849 1260 3912 Murb.)

140 3934 249 3982 eoseum
268 3914 359 3987 Δηλτ,
371 3960 405 3968 .-
417 3921 585 3983 miserabiles,
608 3923 697 3972 Ambr.
721 3925 755 3972 Il.
773 3923 870 3972 Iovisn.
883 3961 917 3968 ..
929 3918 1055 3980 iucunda,
1077 3913 1259 3986 adequt

140 3983 281 4050 (lintheo.)
298 4003 348 4036 non
363 3987 422 4038 elio
437 3987 562 4052 ductanda,
579 3986 628 4054 βγ.
651 3989 734 4054 Saepe
745 3991 843 4039 Plinius
856 4004 958 4052 quoquo
975 3989 1098 4038 adiectivn
1108 4002 1165 4051 gen.
1177 3994 1258 4038 noun.

140 4055 217 4107 refert
231 4060 264 4109 ed
280 4058 437 4108 substantive
452 4059 543 4109 divorsi
560 4057 671 4120 generis,
688 4059 731 4107 ubi
748 4058 864 4107 universo
879 4058 965 4120 ulique
976 4057 1048 4106 notio
1062 4071 1095 4106 ex
1112 4057 1142 4107 iis
1153 4056 1260 4122 repetite

141 4123 257 4189 scriptori
272 4127 434 4189 obversatum
451 4127 501 4176 rid.
519 4131 542 4187 7,
559 4134 599 4178 48.
620 4131 675 4176 160.
695 4131 719 4186 8,
737 4132 776 4175 23.
798 4130 853 4174 139.
878 4131 901 4184 9,
920 4128 960 4175 49.
974 4129 1015 4175 83.
1029 4128 1069 4175 95.
1084 4131 1140 4176 124.
1153 4163 1188 4174 ...
1204 4132 1259 4186 out,

141 4192 200 4242 sbd
209 4189 321 4255 (Mmb.)
334 4209 374 4256 oe,
385 4188 472 4260 Aple.
485 4203 517 4255 et,
528 4197 558 4245 P.

171 4257 191 4319 5
204 4267 244 4313 18.
257 4258 329 4323 daec,
339 4262 371 4314 P.
381 4299 415 4308 -
425 4261 500 4324 vitia,
511 4258 561 4313 Pl.
575 4303 599 4312 -
615 4270 716 4323 uocant,
728 4263 757 4312 P.
768 4301 800 4308 -
810 4270 841 4322 et,
854 4255 972 4327 depl.
986 4270 1021 4324 ui,
1033 4265 1077 4313 sd.
1090 4260 1258 4321 solidissimo,

141 4327 171 4377 P.
184 4365 218 4375 -
231 4337 266 4390 ut,
277 4330 323 4381 bd.
337 4338 390 4392 aut,
403 4321 473 4396 adp.
487 4330 616 4383 Omittunt
627 4327 693 4382 Prl.
708 4370 739 4378 ..
757 4339 803 4380 ortt
821 4347 867 4392 ru,
885 4324 975 4381 abdd.
990 4340 1080 4392 autem,
1092 4346 1118 4397 η.
1133 4347 1171 4393 ac,
1183 4325 1234 4381 Pl.

860 2970 934 3033 iyua,
946 2961 1027 3036 ΡΔη.
1040 2966 1181 3034 condique,
1197 2971 1261 3021 Ber·
