2888 4794
444 290 515 338 nm.
531 291 568 338 11.
597 289 676 337 cnr.
694 290 740 335 v1.
757 289 818 336 v11.
848 290 946 337 sncr.
961 293 1009 336 ts.
1226 276 1287 340 105

169 444 340 528 aufertque
359 440 517 519 tenebras,
540 441 592 506 hic
611 441 735 524 reliqua
757 441 862 507 sidera
884 443 1030 519 occultat,
1055 441 1212 521 inlustrat,
1235 443 1288 509 hic

168 521 248 609 vitiis
276 553 454 629 temporum
481 564 664 626 annumque
692 565 819 628 semper
839 554 1059 608 renascentem
1081 565 1122 608 ex
1143 566 1205 609 usu
1226 567 1285 608 ns-

104 712 107 737 ,
169 655 259 711 lurae
282 654 455 730 temperat,
477 642 529 708 hic
551 643 815 709 caeliaetristitiam
837 644 968 709 discutit
989 654 1085 729 atque
1107 645 1203 709 etiam
1226 645 1287 710 hu·

166 746 254 811 mani
275 745 386 812 nubila
407 744 505 810 animi
528 757 675 823 serenat,
704 745 756 810 hic
778 768 871 810 suum
892 745 1001 812 lumen
1022 745 1137 810 ceteris
1160 767 1287 830 quoquc

166 846 327 912 sideribus
346 847 482 922 fenerat,
505 847 699 931 praeclarus,
723 846 870 925 eximius,
893 846 999 912 omnia
1019 846 1159 924 intuens,
1181 847 1288 911 omnia

166 948 264 1015 ctiam
285 948 471 1025 exaudiens,
494 957 531 1012 ut
552 947 690 1033 principi
710 947 888 1013 litterarum
907 947 1050 1014 Homero
1071 947 1231 1034 placuisse
1253 948 1287 1012 in

165 1072 231 1116 uno
253 1049 416 1115 eoxvideo.
747 1127 757 1135 ο

207 1150 286 1216 Vll.
324 1152 354 1216 5.
377 1148 586 1237 Quapropter
607 1149 749 1238 effigiem
769 1151 822 1216 dei
840 1151 1041 1238 formamque
1061 1172 1215 1237 quaerere
1235 1150 1333 1215 in-14

164 1251 347 1319 bacillitatis
367 1252 525 1318 humanae
547 1275 628 1318 reor.
671 1249 829 1337 Quisquis
856 1263 905 1318 est
932 1252 1012 1318 deus
1024 1301 1034 1331 ,
1063 1253 1090 1318 si
1116 1252 1212 1319 modo
1238 1263 1288 1318 est

163 1352 257 1432 alius,
281 1364 314 1419 et
335 1375 539 1439 quacumque
559 1353 593 1418 in
614 1364 722 1440 parte,
747 1365 832 1421 totus
855 1365 905 1421 est
926 1376 1054 1434 sensus,
1078 1366 1163 1420 totus
1185 1354 1285 1434 visus,

165 1465 251 1520 totus
273 1455 424 1533 auditus,
449 1464 534 1520 totus
555 1456 702 1535 animae,
727 1467 812 1522 totus
833 1455 930 1521 animi
942 1504 952 1534 ,
979 1467 1064 1522 totus
1087 1456 1147 1520 sui.
1183 1455 1285 1520 Innu-

119 1627 126 1643 .
162 1578 268 1621 moros
289 1555 420 1642 quidem
446 1556 578 1622 credere
604 1568 702 1642 atque
731 1559 829 1625 etiam
855 1581 896 1622 ex
925 1557 1012 1622 vitiis
1037 1556 1219 1637 homiuum,
1248 1569 1286 1623 ut

162 1655 371 1735 Pudicitiam,
388 1655 614 1737 Concordiam,
630 1657 791 1737 Mentem,
808 1656 923 1745 Spem,
938 1657 1112 1736 Honorem,
1130 1655 1282 1724 Clemen-

162 1757 251 1837 tiam,
273 1757 401 1837 Fidem,
424 1769 491 1824 aut
513 1769 550 1823 ut
570 1757 756 1824 Democrito
777 1759 908 1845 placuit,
931 1759 1011 1825 duos
1032 1760 1171 1837 omnino,
1192 1758 1279 1825 Poe-

161 1881 236 1925 nam
256 1858 519 1939 et·Beneficium,
541 1859 694 1926 maiorem
715 1862 757 1925 ad
779 1860 956 1926 socordiam
977 1860 1110 1925 accedit.
1141 1859 1283 1946 Fragilis
1299 1880 1329 1924 15
1393 1940 1400 1947 ⁶

161 1971 196 2027 et
214 1961 372 2028 laboriosa
392 1961 568 2027 mortalitas
589 1961 623 2025 in
644 1961 745 2047 partis
763 1961 826 2025 ista
843 1960 979 2048 digessit
997 1960 1189 2027 infirmitatis
1204 1985 1282 2029 suae

160 2085 291 2142 memor,
314 2074 351 2128 ut
371 2062 569 2150 portionibus
591 2064 709 2129 coleret
724 2063 860 2147 quisque
876 2084 940 2148 quo
954 2061 1093 2127 maxime
1107 2062 1279 2150 indigeret.

159 2161 274 2250 Itaque
296 2164 425 2231 nomina
446 2165 513 2244 alia,
528 2164 600 2231 aliis
622 2165 773 2252 gentibus
796 2176 830 2230 et
849 2165 981 2230 numina
1001 2164 1035 2229 in
1055 2158 1171 2230 ii'sdem
1184 2165 1279 2230 innu-

118 2294 122 2300 ·
159 2265 324 2332 morabilis
351 2265 555 2346 invenimus,
588 2267 701 2333 inferis
733 2288 862 2353 quoque
895 2267 930 2331 in
962 2288 1082 2355 genera
1111 2267 1282 2354 descriptis

157 2367 340 2451 morbisque
362 2378 395 2435 ct
415 2368 524 2435 multis
546 2368 643 2435 etiam
664 2369 830 2457 pestibus,
859 2369 937 2435 dum
958 2391 1029 2448 esse
1050 2368 1192 2456 placatas
1215 2380 1281 2435 tre-

157 2574 204 2625 Tr.
230 2616 261 2624 ..
284 2591 338 2625 eum
355 2575 482 2628 volubilem
497 2579 691 2640 uniuersitatem,
703 2595 722 2628 r.
747 2619 778 2628 ..
802 2577 1037 2643 eandemque,1’dp
1059 2573 1144 2639 (codd.
1168 2579 1280 2629 Turnebi

157 2644 212 2693 adv.
225 2641 316 2706 22,4.)
335 2641 513 2708 eademnam
530 2645 639 2706 eandem,
656 2647 715 2707 abg
731 2642 861 2707 (Robert.)
877 2642 930 2709 βγ.
950 2685 981 2694 ..
1000 2643 1128 2707 eidemque,
1145 2646 1280 2710 Pabdgp
1375 2652 1379 2658 “

157 2706 286 2773 (Robert.)
304 2721 327 2760 et
338 2710 423 2773 eidem,
436 2713 508 2762 codd
524 2713 644 2762 Tumebi.
667 2711 805 2775 eademque,
822 2713 949 2762 Richelet.
969 2751 1000 2760 ..
1019 2712 1113 2770 innecti,
1131 2712 1175 2774 Pp
1193 2710 1279 2774 (codd.

157 2778 277 2841 Turnebi,
289 2780 398 2842 Richal,
410 2777 530 2842 Robert.)

190 2845 205 2907 §
220 2853 259 2897 la.
276 2857 351 2908 seua,
364 2863 388 2910 p.
408 2888 439 2896 ..
458 2847 561 2908 Horum,
574 2861 592 2910 p
604 2841 734 2908 (Robert)
756 2844 872 2907 Quorum,
883 2846 913 2896 P.
926 2870 931 2910 Ι
1001 2870 1007 2875 ·

190 2912 258 2974 518.
277 2929 332 2962 esse
345 2913 436 2976 mundi,
448 2915 585 2978 Pabdgp.
605 2913 689 2964 mundi
699 2929 761 2976 esse,
775 2908 829 2979 βγ.
849 2955 880 2963 ..
900 2912 991 2974 dicunt,
1008 2930 1024 2963 a
1035 2918 1050 2962 ¹.
1069 2953 1100 2962 -
1119 2912 1279 2978 manantes,

154 2983 198 3031 ab.
217 2983 365 3042 extimantes,
382 2995 406 3030 σ.
429 2980 605 3043 existimantes,
616 2983 739 3046 Pngp.
758 3023 791 3032 ..
809 2982 930 3044 inlustrat,
943 2977 1059 3033 TOabr.
1078 2979 1242 3047 illustratque,
1254 2986 1278 3035 d,

155 3045 517 3114 Omittng(1aobert)ss.
541 3090 573 3099 -
597 3049 673 3112 vires,
688 3052 824 3101 Robcrtus.
848 3092 879 3100 ..
904 3065 1066 3113 annorumque
1084 3065 1187 3113 recusa,
1200 3066 1278 3115 p„-

154 3117 360 3236 nubilaPlumani,
372 3119 423 3182 Pp.
443 3158 475 3168 ...
493 3118 531 3168 nic
543 3158 574 3167 ..
588 3119 693 3181 sanant
704 3133 754 3168 om.
767 3120 796 3170 P.
817 3158 847 3169 ..
867 3128 973 3181 serenat,
985 3134 1023 3183 ap
1041 3115 1171 3182 (lachen.)
1192 3159 1223 3168 ..
1242 3135 1277 3180 eo,

154 3187 221 3236 delet
254 3187 342 3236 intian.
676 3228 679 3233 ,

187 3252 202 3312 5
217 3259 256 3304 14.
275 3269 327 3318 que,
339 3254 403 3304 Pbd
416 3251 455 3316 (in
466 3249 566 3314 rasura)
577 3253 682 3303 Robert.
696 3271 795 3318 quaque,
807 3246 851 3317 ag.
872 3295 903 3304 ..
922 3271 1049 3319 quaerere,
1059 3255 1104 3304 Pd
1121 3250 1277 3317 (incasura)

152 3321 257 3371 Robert.
271 3336 362 3382 serere,
374 3322 439 3384 sbg.
459 3362 490 3370 ..
509 3319 604 3382 mundo,
615 3338 635 3383 r,
651 3325 719 3371 unde
734 3323 823 3372 Dalec.
842 3339 859 3372 a
875 3320 962 3373 munda
978 3324 1127 3386 suspicatur.
1147 3363 1179 3372 -
1197 3322 1275 3385 alius,

152 3388 267 3452 Pabdg.
286 3386 352 3438 alius
370 3385 471 3452 aliquis,
487 3405 507 3450 r,
530 3391 599 3452 quod
615 3390 707 3452 probat
722 3389 855 3440 Muncker.
869 3393 902 3440 ad
920 3391 1037 3441 Lactant.
1053 3390 1151 3439 Placid.
1178 3396 1216 3450 14,
1237 3397 1276 3442 18.

151 3453 254 3518 aliquis,
275 3456 357 3504 Beier.
378 3456 410 3504 ad
431 3455 485 3505 Cic.
506 3455 558 3507 Off.
582 3463 605 3518 1,
626 3464 667 3507 44.
693 3455 768 3508 Alius
781 3458 906 3508 sciliceta
918 3457 979 3518 sole,
998 3459 1057 3507 coll.
1075 3455 1144 3517 §1³-
1163 3497 1195 3506 ..
1213 3465 1276 3508 rotas

152 3523 221 3572 risus
234 3562 265 3571 ..
278 3518 357 3571 animi
367 3509 418 3571 cml
431 3516 459 3573 θ.
478 3564 510 3573 -
528 3526 600 3574 totius
616 3525 720 3586 animae,
737 3526 809 3575 satim
821 3525 906 3586 animi,
919 3524 992 3574 totius
1009 3525 1056 3586 sui,
1071 3525 1216 3575 Heumann.
1234 3539 1275 3588 ap.

153 3588 257 3642 Gesner.
277 3631 308 3638 ..
327 3599 398 3655 atque
417 3631 448 3640 -
466 3590 592 3654 lominum,
606 3592 722 3656 TPbdg
742 3590 904 3655 (Robertus.)
918 3592 1053 3644 Consentis
1064 3610 1087 3654 a,
1099 3593 1205 3641 vocibus
1223 3591 1275 3641 uir-

150 3658 239 3709 tutibus
255 3666 280 3708 at
297 3675 343 3723 qua
360 3661 543 3724 suprascriptis.
557 3670 629 3725 atque
645 3669 694 3711 tam
711 3677 742 3711 ea·
759 3661 887 3713 uirtutebus
899 3678 973 3726 quam
985 3679 1015 3712 ea
1027 3662 1092 3712 us‘tiis
1104 3658 1231 3719 lominum,
1245 3652 1273 3709 θ.

150 3735 246 3788 tamque
258 3742 288 3776 ea
301 3726 433 3779 uirtutibus
449 3726 566 3779 lominum
583 3746 654 3793 quam
671 3729 744 3791 auiis,
760 3746 779 3779 r.
798 3739 871 3794 atque
888 3729 964 3779 etiam
977 3745 1007 3778 er
1019 3729 1147 3780 sinamus
1160 3725 1275 3791 vitiisque

151 3790 276 3856 lominum,
287 3789 338 3858 βγ.
356 3796 584 3860 Interpolationem
596 3799 647 3846 iam
659 3799 728 3861 ipsse
740 3799 856 3849 codicum
873 3795 1054 3860 discreplntiae
1072 3798 1175 3856 docent,
1195 3793 1273 3844 virtu-

149 3869 188 3912 tes
199 3878 215 3912 a
226 3863 312 3913 Plinio
325 3863 403 3914 dictas
415 3865 533 3916 homines
545 3882 576 3916 ea
588 3865 653 3915 uitiis
664 3866 729 3914 inter
740 3867 800 3915 daos
812 3866 947 3925 habebant,
960 3865 975 3912 i.
989 3879 1009 3913 s.
1022 3865 1139 3914 usurus
1147 3861 1273 3912 intuentes

148 3929 207 4047 lli„
222 3931 327 3981 virtutes
344 3932 449 3982 deorum
464 3932 524 3982 loco
549 3934 739 3992 venerabantur,
764 3940 794 3982 ut
808 3947 852 3982 aas
868 3932 914 3982 illa
930 3941 1082 3993 averterent3
1105 3944 1128 3979 v.
1146 3928 1161 3991 §
1181 3933 1219 3980 15.
1240 3971 1270 3979 .-

178 3999 306 4058 omero,'1'.

183 4063 251 4125 §lu
269 4063 610 4130 soteraqsaqss,1²sbsgr
629 4064 761 4129 (Robert.)
781 4068 835 4132 qun
854 4067 895 4116 uis
907 4066 1003 4128 coleret,
1014 4061 1042 4128 β.
1068 4107 1098 4116 ..
1124 4066 1270 4129 invenimus,

149 4125 268 4184 Oder.
287 4132 431 4193 invenimus,
444 4131 478 4182 al.
492 4133 634 4198 reperimus,
646 4150 670 4183 a.
688 4136 830 4200 reperimus,
869 4150 910 4199 gp
922 4132 1052 4198 (Robert.)
1067 4129 1117 4200 βγ.
1138 4177 1168 4185 ..
1188 4136 1212 4185 in
1229 4154 1269 4202 qe·

149 4214 211 4250 aera
222 4198 321 4252 dearum
333 4196 469 4266 descriptis,
481 4217 501 4250 r.
521 4242 552 4250 ..
568 4201 678 4266 placata,
690 4203 759 4268 Ppr.
