2888 4794
187 293 249 362 ute
542 314 746 362 xaruarms
768 314 963 362 arsromxs

186 485 323 530 vennam
338 464 547 548 Altinumque
573 487 632 550 per
652 486 720 528 cxx
734 488 759 528 n
772 488 817 551 p.,
841 479 948 529 tamen
978 488 1042 548 qua
1071 465 1192 554 largius
1214 472 1322 534 vomit

134 586 138 591 ·
185 580 311 652 septem
339 567 440 630 maria
467 566 572 630 dictus
600 565 717 631 facere.
750 567 904 653 Augusta
925 567 1012 632 fossa
1032 567 1222 633 Ravennam
1247 588 1318 634 tra-

185 669 289 746 hitur,
311 668 367 734 ubi
389 667 521 732 Padusa
543 679 687 745 vocatur,
710 669 872 752 quondam
892 667 1097 734 Messanicus
1118 671 1317 756 appellatus.

184 770 383 835 Proxmhum
402 770 479 834 inde
500 768 619 835 ostium
639 769 896 856 magnitudinem
918 783 1031 856 portus
1052 772 1150 838 habet
1169 773 1225 857 qui
1240 773 1316 838 Va-

184 873 268 938 treni
293 871 430 949 dicitur,
458 894 523 956 qua
544 869 702 935 Claudius
725 868 848 935 Caesar
874 894 892 936 e
913 871 1083 937 Britannia
1110 875 1315 961 triumphans

183 972 378 1063 praegrandi
407 973 462 1038 illa
489 973 586 1036 domo
612 972 721 1036 verius
750 993 846 1055 quarn
878 997 961 1038 nave
987 975 1119 1039 intravit
1139 974 1312 1041 Hadriam.

182 1075 257 1142 Hoc
278 1088 354 1141 ante
375 1071 554 1139 Eridanum
575 1073 693 1138 ostium
715 1072 838 1138 dictum
859 1085 927 1152 est,
949 1074 991 1140 ab
1013 1076 1084 1140 aliis
1106 1073 1313 1162 Spineticum
1330 1064 1381 1141 tao

182 1179 225 1243 ab
250 1177 331 1244 urbe
361 1174 481 1262 Spina,
515 1197 597 1259 quae
626 1175 690 1238 luit
717 1174 808 1239 iuxta
836 1176 1043 1261 praevalens,
1074 1190 1111 1241 ut
1138 1177 1312 1264 Delphicis

182 1279 340 1344 creditum
358 1288 408 1343 est
430 1276 599 1353 thesauris,
623 1275 753 1340 condita
766 1298 786 1340 a
798 1275 969 1341 Diomede.
991 1278 1105 1366 Auget
1119 1279 1165 1344 ibi
1179 1279 1312 1345 Padum

180 1381 347 1446 Vatrenus
375 1379 478 1466 amnis
508 1401 549 1443 ex
575 1376 853 1444 Forocorneliensi
881 1403 969 1467 agro.
1005 1380 1204 1446 Proxumum
1230 1382 1309 1448 inde

181 1483 298 1548 ostium
315 1479 500 1567 Caprasiae,
523 1479 597 1545 dein
621 1476 729 1565 Sagis,
752 1479 827 1545 dein
848 1479 973 1548 Volane
996 1483 1084 1566 quod
1105 1495 1179 1549 ante
1201 1483 1309 1550 Olane

181 1583 366 1660 vocabatur,
389 1580 496 1645 omnia
518 1603 557 1647 ea
578 1580 664 1645 fossa
685 1579 801 1646 Flavia
821 1603 918 1666 quam
938 1583 1033 1668 primi
1054 1607 1075 1647 a
1098 1582 1177 1672 Sagi
1200 1584 1308 1651 iecere

181 1686 290 1764 Tusci,
314 1694 425 1773 egestu
445 1685 548 1748 amnis
575 1682 689 1769 inpetu
715 1705 775 1769 per
797 1694 1015 1749 transversum
1038 1686 1073 1750 in
1094 1687 1307 1753 Atrianorum

179 1787 319 1874 paludis,
349 1809 433 1871 quae
455 1796 579 1872 septem
599 1785 699 1848 maria
720 1785 933 1871 appellantur,
955 1786 1055 1852 nobili
1076 1800 1173 1873 portu
1194 1791 1306 1878 oppidi

180 1891 359 1956 Tuscorum
381 1887 496 1952 Atriae
518 1911 538 1951 a
559 1909 623 1971 quo
644 1886 841 1950 Atriaticum
862 1910 950 1952 mare
972 1900 1047 1953 ante
1068 1891 1303 1974 appellabatur,

179 1993 267 2077 quod
288 2014 374 2056 nune
395 1989 629 2054 Hadriaticum.
661 1987 743 2052 Inde
765 1986 848 2052 ostia
869 1988 965 2073 plena
987 1987 1204 2070 Carbonaria,
1234 1993 1367 2058 fos-121

179 2096 285 2159 siones
306 2091 479 2157 Philistina
499 2090 585 2174 quod
607 2089 660 2156 alii
683 2089 856 2153 Tartarum
877 2101 1011 2168 vocant,
1034 2093 1140 2157 omnia
1161 2116 1202 2158 ex
1222 2093 1303 2159 Phi·

177 2194 303 2259 listinae
324 2194 431 2257 fossae
450 2190 665 2256 abundatione
688 2191 870 2267 nascentia,
893 2191 1126 2258 adcedentibus
1143 2194 1239 2260 Atesi
1262 2219 1303 2262 ex

178 2294 377 2360 Tridentinis
409 2291 550 2378 Alpibus
588 2301 622 2355 et
658 2289 822 2377 Togisono
863 2312 904 2355 ex
939 2290 1171 2360 Patavinorum
1203 2297 1301 2384 agris.

211 2470 376 2535 Altinumque,
389 2467 522 2519 R²ATd
539 2464 704 2595 Altinamgue,
715 2466 764 2516 13¹.
782 2463 933 2530 Atinunque,
943 2464 972 2530 β.
995 2510 1026 2518 -
1045 2487 1097 2534 per,
1109 2471 1177 2522 Pint.
1189 2468 1300 2523 Rnod.

177 2540 236 2592 Om.
251 2535 280 2601 β.
300 2580 331 2588 -
350 2555 407 2602 qua,
423 2527 537 2587 RAOd.
562 2533 627 2598 qaia,
667 2572 673 2582 .
698 2575 729 2582 ..
753 2533 855 2599 lonpius,
871 2535 905 2585 A.
931 2577 962 2585 .-
986 2537 1067 2600 movit,
1088 2542 1169 2589 codex
1180 2540 1250 2591 Cart.
1268 2545 1302 2592 ad
1325 2570 1334 2584 .

176 2610 272 2659 Lucan.
286 2614 309 2664 6,
322 2613 362 2657 24.
383 2646 409 2654 -
435 2603 562 2669 Augusta,
578 2603 683 2653 RAad.
712 2611 827 2667 angusta,
845 2597 873 2665 β.
896 2645 928 2652 -
950 2602 1070 2666 Pactusa,
1086 2609 1118 2657 R.
1142 2647 1172 2656 -
1200 2606 1300 2659 Messa.

177 2676 263 2740 niens,·
283 2691 329 2740 pro
346 2676 395 2724 hac
411 2688 474 2722 voce
491 2671 594 2721 coniicit
611 2669 688 2721 amnis
706 2669 797 2736 spinas
807 2672 902 2734 'Unger
917 2674 948 2723 de
959 2674 1054 2736 Valgia
1068 2675 1137 2724 Rufo
1151 2691 1176 2738 p.
1190 2682 1248 2726 248.
1268 2718 1299 2725 -

181 2743 291 2807 Vatreni,
303 2745 337 2796 A.
367 2739 490 2802 Veterani,
502 2740 556 2790 Rd.
575 2780 606 2788 -
625 2756 683 2805 qua,
700 2731 756 2789 AB
768 2736 859 2802 (nob.)
882 2755 935 2803 que,
945 2741 978 2790 R.
1001 2739 1072 2804 quae,
1085 2745 1108 2792 d.
1131 2760 1186 2806 quo,
1197 2739 1247 2809 βγ.
1267 2733 1299 2794 '.

178 2812 275 2864 Caesar
286 2809 453 2870 Britanniam,
465 2810 530 2859 Rob.

209 2880 224 2941 §
238 2887 294 2931 120.
317 2881 356 2939 ab,
368 2878 505 2929 RATda.
524 2877 613 2927 Omitt.
624 2871 675 2940 βγ.
700 2915 731 2923 ..
754 2870 906 2939 Spineticum,
922 2877 1027 2927 Barbar.
1040 2879 1072 2927 T.
1094 2874 1251 2943 θρεπεΐίειιηι,
1259 2881 1298 2945 A.

174 2945 324 3013 Spireticnrn,
336 2948 389 2997 Ka.
403 2944 543 3006 Pinetieum,
555 2945 608 2993 Rd.
622 2984 654 2992 ..
671 2940 729 2993 u'rbe
741 2939 827 3005 Spina,
842 2944 946 2993 Barbar.
961 2945 1020 2994 arbe
1032 2942 1125 3010 Sparza,
1138 2948 1222 2996 R2A.
1243 2949 1300 2996 urbe

175 3017 261 3080 Spina,
274 3031 298 3064 σ.
316 3014 443 3077 urispaaa.
456 3014 504 3062 Rl.
524 3010 659 3075 urbispina,
672 3014 712 3061 dl.
731 3011 790 3059 urbe
802 3009 908 3075 nispina,
921 3014 961 3062 d2.
976 3053 1006 3061 ..
1025 3023 1050 3062 at
1061 3011 1200 3078 Delphicis,
1213 3015 1298 3065 RAd.

174 3083 300 3148 Delphicis
310 3091 342 3142 ut,
353 3082 422 3132 Pint.
435 3072 480 3129 Or.
494 3121 525 3127 -
539 3079 601 3139 inde,
610 3079 665 3128 Ad.
678 3078 740 3138 dnn,
749 3079 781 3128 R.
795 3119 825 3126 ..
840 3076 905 3142 quod
916 3088 979 3140 ante,
988 3082 1022 3130 A.
1042 3082 1112 3146 quod,
1125 3085 1165 3131 d2.
1179 3080 1244 3143 dein,
1256 3085 1298 3132 dl.

175 3151 233 3202 Om.
251 3151 283 3198 R.
307 3190 338 3198 ..
364 3147 450 3206 Olane,
468 3149 541 3195 codd.
557 3148 661 3196 Barbar.
685 3144 776 3202 eolaue,
793 3147 827 3195 A.
852 3147 946 3208 uoluae,
963 3151 987 3198 d.
1010 3147 1103 3210 Alana,
1125 3142 1153 3198 θ,
1171 3148 1261 3212 Alane,
1274 3164 1297 3199 σ.

175 3219 232 3271 Om.
244 3219 278 3267 R,
298 3257 328 3264 -
340 3216 419 3280 fossa
430 3214 522 3265 Flavia
535 3231 616 3275 quain,
628 3214 659 3262 R.
670 3215 749 3277 fossa
760 3212 855 3264 Flavia
867 3232 947 3278 quam,
960 3218 993 3266 A.
1003 3218 1085 3278 ‚sassa
1096 3217 1189 3267 Flavia
1197 3228 1298 3282 aquant,

174 3287 226 3336 Tu.
240 3283 350 3347 flumina
357 3283 505 3346 fossasque,
522 3277 572 3346 βγ.
595 3283 669 3332 Hauc
685 3281 786 3331 foedam
803 3283 1033 3347 interpolationem,
1054 3293 1153 3335 mutata
1168 3293 1298 3349 praeterea

173 3353 384 3418 interpunctione,
396 3367 473 3415 quam
488 3352 566 3414 vulgo
584 3366 652 3414 pone
669 3351 803 3399 vocabatur
818 3352 895 3413 plena
906 3351 961 3412 fuit,
973 3368 1034 3416 prae
1047 3355 1162 3403 codicum
1174 3352 1298 3414 scriptura

173 3422 335 3473 deserendam
352 3421 505 3485 putavimus.
527 3420 679 3482 Explicatur
689 3434 749 3468 vero
767 3434 797 3467 ea
807 3418 889 3482 primo
908 3421 999 3469 obtutu
1014 3422 1092 3484 paulo
1110 3419 1240 3471 obscurior
1250 3434 1297 3482 per

172 3492 248 3541 verba
261 3493 275 3553 ᾗ
289 3496 344 3539 121.
358 3487 437 3537 omnia
449 3485 541 3550 (ostia)
554 3503 584 3536 aa
596 3485 742 3536 Philistinae
747 3487 840 3550 fossae
853 3487 1016 3537 abundatione
1027 3489 1160 3538 nascentia.
1180 3489 1296 3551 Apparet

171 3560 282 3609 Plinium
296 3558 450 3621 superiorum
462 3557 525 3606 Padi
538 3557 661 3605 ostiorum
673 3556 796 3617 originem
805 3569 862 3602 cum
871 3555 1031 3605 inferioribus
1040 3556 1218 3619 composuisse,
1230 3557 1298 3604 uude

172 3628 280 3676 breviter
297 3627 379 3675 dicere
394 3625 487 3688 potuit,
504 3625 550 3672 illa
567 3624 633 3672 ostia
645 3624 746 3686 proprie
757 3623 822 3671 nihil
833 3622 911 3672 luisse
923 3624 971 3673 nisi
982 3624 1077 3673 fossam
1088 3624 1212 3684 Flavium,
1230 3638 1299 3685 qnae

172 3695 309 3758 explicatio
327 3693 347 3743 si
363 3693 403 3741 cui
421 3692 507 3742 durior
523 3692 655 3750 ridebitur,
672 3691 765 3740 scribat
781 3691 824 3740 illc
837 3709 849 3740 e
853 3691 932 3753 sessa
943 3691 1043 3752 Flavia,
1057 3707 1122 3754 quae
1133 3691 1296 3756 praepositio,

171 3777 230 3812 cum
246 3763 344 3811 litterae
361 3776 373 3808 e
389 3767 414 3809 et
421 3760 446 3824 s
457 3759 597 3809 sexcenties
613 3759 678 3807 inter
695 3773 721 3808 se
736 3758 930 3820 confundantur,
945 3759 1066 3808 facillime
1082 3759 1197 3822 sequenti
1211 3759 1297 3808 littera

171 3830 299 3880 absorberi
315 3828 407 3892 potuit.
427 3869 458 3876 -
480 3826 554 3891 primi
565 3844 581 3875 a
593 3823 660 3890 Sapi,
673 3830 696 3876 d.
712 3826 788 3891 primi
797 3825 886 3890 Anapi,
902 3827 999 3876 ATra
1013 3824 1141 3888 (Pession.
1157 3823 1296 3888 Ambr.1.)

169 3899 243 3962 prinu
253 3895 353 3961 Accepi,
365 3896 455 3946 Ambr.
468 3895 503 3944 II.
519 3894 667 3960 pritnasupi,
679 3896 711 3944 R.
731 3936 761 3945 ..
772 3896 871 3958 facere,
884 3894 916 3943 A.
931 3936 962 3943 ..
981 3894 1060 3961 epesti,
1072 3895 1105 3945 A.
1120 3935 1152 3943 ..
1167 3897 1296 3958 ρᾴναυεν-

172 3981 231 4027 amn,
248 3967 279 4015 R.
304 4006 335 4013 ..
356 3964 464 4028 paludes
480 3960 684 4024 Hadrianorum,
697 3977 721 4012 σ,
740 4005 771 4012 ,.
796 3960 987 4027 appelletianss.
1007 4005 1038 4012 ..
1057 3962 1192 4027 oppleta
1205 3962 1295 4013 Omitt.

171 4032 223 4083 Rd.
252 4074 283 4082 -
310 4030 409 4093 Atrine,
427 4032 472 4083 Rd
489 4029 574 4093 (codd.
590 4027 708 4093 Barbar.)
734 4030 833 4088 Arriae,
850 4030 883 4079 A.
911 4072 942 4078 -
970 4047 987 4079 a
1006 4049 1053 4095 quo
1068 4028 1232 4090 Atriaticum,
1249 4031 1296 4078 Rd

171 4095 257 4159 (codd.
274 4096 390 4161 Barber.)
418 4118 434 4149 u
453 4117 499 4164 quo
515 4099 650 4161 triaticant,
668 4101 701 4149 A.
729 4115 746 4146 a
764 4115 811 4162 quo
827 4095 983 4159 lindriacum,
1000 4113 1024 4147 a.
1050 4139 1082 4147 ..
1111 4095 1295 4163 appellabatur,

169 4168 252 4217 R2A.
272 4164 521 4230 appellantur,R¹d.
626 4184 630 4190 ·

205 4231 219 4294 ξ
234 4239 290 4284 121.
310 4233 393 4297 plena,
405 4237 507 4286 Barbar.
520 4235 584 4285 ΒΑ.
607 4251 624 4283 a
633 4234 715 4298 plena,
728 4237 768 4283 da
777 4230 878 4294 (Ambr.
891 4235 912 4285 1.
925 4231 974 4296 11.)
997 4275 1029 4283 -
1044 4233 1182 4294 susannae,
1195 4234 1218 4282 d.
1234 4232 1295 4296 sos-

171 4299 253 4352 sionee
265 4317 302 4362 aa,
313 4301 376 4351 BA.
396 4303 566 4365 aestuationes,
578 4297 628 4365 βγ.
648 4341 678 4350 .,
697 4298 841 4362 Philistina,
854 4300 938 4350 RAd.
957 4299 1115 4360 Philistinae,
1126 4296 1176 4364 βγ.
1200 4298 1294 4350 Dictae
