2888 4794
190 300 252 364 224
539 313 743 381 urrunnms
765 312 961 371 fflsromrr

191 463 288 543 Galli,
305 462 432 543 Umbri,
448 461 557 542 Tusci,
572 462 702 542 Veneti,
720 462 828 544 Carni,
848 464 1001 550 Iapydes,
1023 463 1140 543 Histri,
1162 462 1315 530 Liburni.

190 566 260 633 Neo
280 566 392 652 ignoro
414 565 533 654 ingrati
554 587 592 632 ae
613 564 722 652 segnis
744 566 841 631 animi
864 565 1049 633 existumari
1069 588 1165 653 posse
1187 566 1313 647 merito,
1329 589 1361 634 aa

190 668 218 734 si
238 669 379 735 breviter
399 679 497 753 atque
517 667 551 732 in
573 677 759 733 transcursu
774 668 816 733 ad
829 668 915 734 hunc
928 668 1060 734 modum
1081 659 1208 734 dicatur
1228 678 1315 734 terra

156 774 162 782 ’
189 771 330 836 omnium
359 779 516 834 terrarum
542 771 670 835 alumna
698 769 810 836 eadem
838 780 870 835 et
896 792 1030 856 parens,
1058 771 1189 836 numine
1216 771 1315 837 deum

191 874 291 940 electa
313 893 396 956 quae
418 872 541 939 caelum
559 871 667 958 ipsum
688 871 804 939 clarius
819 871 950 951 faceret,
974 893 1087 958 sparsa
1101 885 1315 962 congregaret

189 973 313 1060 inperia
326 973 472 1059 ritusque
485 971 623 1039 molliret
640 981 673 1038 et
694 983 742 1039 tot
762 973 955 1059 populorum
976 973 1139 1039 discordes
1162 974 1314 1059 ferasque

188 1075 318 1164 linguas
341 1074 498 1140 sermonis
519 1073 698 1139 conmercio
721 1075 931 1155 contraheret,
955 1076 1124 1162 conloquia
1145 1086 1177 1142 et
1197 1075 1314 1142 huma-

189 1177 322 1242 nitatem
336 1175 457 1240 homini
479 1174 570 1240 daret
591 1175 796 1261 breviterque
817 1200 883 1241 una
906 1186 1091 1243 cunctarum
1112 1177 1259 1266 gentium
1279 1178 1316 1245 iu

191 1288 256 1344 toto
289 1276 366 1343 orbe
397 1275 504 1362 patria
534 1276 635 1342 fieret.
681 1274 749 1342 Sed
776 1277 855 1362 quid
881 1280 996 1367 agam?
1032 1277 1138 1344 Tanta
1164 1273 1360 1346 nobilitum

109 1423 113 1433 ·
189 1379 332 1446 omnium
352 1379 510 1456 1000111111,
539 1378 637 1464 (quos
658 1379 730 1462 quis
751 1379 930 1467 attigeritl)
960 1389 1047 1445 tanta
1071 1403 1178 1448 rerum
1200 1381 1314 1470 singn-

189 1483 294 1548 larum
314 1481 568 1567 populorumque
591 1479 719 1547 claritas
741 1490 839 1546 tenet.
868 1479 957 1546 Urbs
978 1480 1091 1561 Roma,
1114 1484 1166 1548 vel
1190 1484 1259 1550 sola
1279 1483 1315 1549 in

191 1607 229 1650 ea
251 1594 285 1649 et
305 1584 405 1670 digna
426 1591 493 1646 tam
512 1581 578 1647 iam
599 1580 684 1648 festa
705 1581 829 1648 cervice
851 1583 969 1662 facies,
999 1605 1062 1668 quo
1084 1583 1214 1665 tandem
1228 1576 1313 1650 'nar-

189 1685 254 1751 rari
276 1685 373 1752 debet
394 1684 513 1772 opere?
550 1679 698 1764 Qualiter
720 1680 914 1770 Campaniae
942 1707 998 1749 ora
1023 1708 1082 1771 per
1109 1708 1143 1750 se
1169 1684 1314 1770 felixque
1397 1686 1401 1692 ’

81 1867 87 1877 ,
190 1789 245 1856 illa
266 1810 304 1853 ao
324 1788 419 1853 beata
440 1785 626 1864 amoenitas,
654 1795 691 1849 ut
718 1784 826 1871 palam
848 1785 890 1850 sit
910 1808 975 1851 uno
995 1786 1030 1850 in
1050 1787 1119 1852 loeo
1141 1786 1314 1876 gaudentis
1357 1844 1360 1849 .

190 1913 273 1977 opus
300 1912 369 1955 esse
395 1889 553 1953 naturae?
588 1886 659 1952 Iam
687 1909 762 1953 vero
789 1897 877 1952 tanta
904 1909 943 1953 ea
969 1886 1074 1953 vitalis
1100 1912 1138 1954 ac
1163 1891 1315 1976 perennis
1326 1909 1357 1954 41
1399 1952 1401 1957 s

191 1992 373 2076 salubritas,
397 1991 470 2057 talis
485 1989 564 2055 caeli
580 1989 762 2074 temperies,
785 1999 850 2053 tam
865 1989 988 2055 fertiles
1003 1991 1118 2076 campi,
1135 2002 1201 2057 tam
1214 1991 1316 2080 aprici

192 2096 304 2173 eolles,
328 2105 394 2158 tam
414 2091 537 2156 innoxii
559 2091 676 2170 saltus,
700 2100 765 2155 tam
787 2113 888 2177 opaea
908 2113 1053 2170 nemora,
1077 2104 1143 2157 tam
1164 2094 1316 2181 munifica

192 2197 344 2262 silvarum
357 2215 487 2279 genera,
511 2201 558 2256 tot
578 2191 736 2289 montium
757 2189 895 2270 afflatus,
920 2202 1008 2258 tanta
1028 2193 1161 2282 frugum
1181 2194 1313 2260 vitium.

191 2318 256 2381 que
278 2304 311 2360 et
332 2294 475 2358 olearum
496 2292 662 2369 fertilitas,
685 2301 750 2355 tam
770 2290 890 2358 nobilia
912 2293 1074 2378 pecudum
1095 2297 1224 2376 vellera,
1248 2304 1315 2361 tam

145 2424 149 2431 ·
191 2398 300 2484 opima
321 2395 420 2460 tauris
442 2394 534 2472 colla,
557 2402 605 2458 tot
625 2393 725 2471 laeua,
749 2402 797 2457 tot
811 2394 952 2460 amnium
967 2392 1168 2482 fontiumque
1182 2397 1315 2464 ubertas

193 2509 292 2565 totam
314 2520 386 2564 eam
406 2493 620 2582 pertundens,
649 2503 696 2560 tot
715 2493 834 2573 maria,
863 2506 975 2581 portus
1003 2499 1227 2586 gremiumque
1242 2510 1315 2589 ‚ter-

191 2624 298 2668 rarum
326 2597 503 2666 conmercia
529 2603 642 2685 patens
669 2595 811 2679 undique
841 2605 874 2661 et
903 2609 1065 2684 tamquam
1089 2601 1247 2666 iuvandos
1274 2601 1316 2666 ad

190 2701 333 2770 mortalis
358 2701 431 2789 ipsa
451 2698 545 2766 avide
569 2697 604 2763 in
627 2696 728 2762 maria
748 2718 951 2783 procurrens.
984 2699 1097 2785 Neque
1118 2701 1249 2790 ingenia
1268 2701 1314 2768 ri·
1328 2721 1360 2766 ⁴2

229 2874 308 2939 Galli,
325 2891 376 2926 om.
392 2874 424 2924 Β.
444 2913 475 2921 -
497 2869 582 2932 Tusci,
593 2869 648 2920 ΒΔ
665 2865 784 2931 (Dicuil)
800 2866 907 2932 Etrusu',
924 2873 970 2935 dr.
992 2869 1117 2935 Hetrusci,
1133 2875 1167 2925 K.
1187 2915 1218 2925 ..
1236 2873 1315 2941 Iapu-

192 2946 244 3006 des,
256 2946 341 2995 ATd.
362 2937 530 3007 cupersan„
548 2934 676 3003 Lupudes,
687 2937 781 2988 Diouil.
799 2935 913 3003 Iapides,
923 2934 974 3003 βγ.

225 3012 294 3074 §aa
314 3008 457 3069 utbreviter,
474 3007 577 3057 R²Ad
595 3003 647 3054 riu
662 3003 747 3065 obiter,
762 3005 812 3054 R'.
837 3045 868 3053 .-
891 3006 916 3056 s'n
932 3003 1004 3068 lunc,
1020 3023 1041 3058 r.
1064 3048 1088 3056 -
1110 3025 1197 3074 passa,
1214 3012 1263 3062 R'.
1283 3051 1315 3061 -

192 3077 443 3210 goaram
450 3073 526 3192 11
526 3089 547 3136 ⁶’
547 3070 1083 3206 litamltt'lfalttltlltsstt
1096 3072 1316 3153 Mlti
1401 3150 1405 3155 ·

194 3231 244 3273 mee,
256 3214 290 3263 A.
309 3254 340 3261 -.
355 3162 490 3274 linopola,
502 3210 583 3260 RTd.
602 3208 638 3258 ad
648 3176 845 3270 colloquiuAss.
923 3179 929 3204 ⁵
1060 3161 1092 3208 qu
1108 3180 1133 3206 ’⁴

228 3280 297 3342 §lu
321 3279 373 3331 Sed
389 3295 419 3327 ne
433 3277 463 3328 id
477 3281 574 3342 090011,
589 3276 622 3326 K.
642 3317 674 3324 -
692 3276 793 3326 omnium
808 3316 840 3325 ..
857 3293 939 3329 rerum
956 3279 1036 3328 omitt.
1054 3282 1106 3331 Τὰ.
1125 3321 1158 3330 ..
1181 3297 1246 3346 quos,
1264 3296 1315 3331 om.

193 3351 226 3402 a.
245 3390 277 3398 ..
295 3358 375 3409 terret,
388 3347 482 3398 Sabell.
501 3387 533 3414 -.-
551 3355 599 3396 mm
613 3343 671 3406 iam,
686 3343 720 3393 A.
742 3343 822 3406 auant,
834 3346 915 3395 RTd.
938 3341 1057 3411 tumssr.
1083 3346 1148 3410 Iam,
1160 3364 1194 3399 sc.
1205 3363 1251 3412 per
1261 3349 1316 3398 Ve-

194 3418 304 3484 spasiani
316 3416 456 3480 imperium.
475 3456 508 3465 ..
524 3429 584 3465 orae
592 3429 638 3479 per
651 3428 677 3462 se
685 3412 761 3476 felix,
773 3413 807 3462 K.
827 3454 858 3461 -
877 3413 929 3477 tila,
940 3414 1003 3464 ΒΑ.
1021 3414 1098 3477 IIII,
1110 3419 1134 3466 d.
1154 3423 1246 3480 quater,
1259 3416 1291 3465 Τ.

228 3489 296 3550 §41-
314 3494 389 3544 tanto,
407 3485 468 3540 ΒΚ.
486 3490 549 3545 totu,
559 3478 641 3543 Adss.
659 3489 731 3541 rotae,
744 3482 823 3532 Selm.
836 3496 918 3532 exerc
934 3497 960 3546 p.
977 3487 1018 3532 39.
1030 3499 1054 3535 a.
1067 3483 1098 3534 G.
1118 3525 1150 3532 -
1172 3482 1317 3543 salubritas,

175 3559 177 3563 ’
194 3554 310 3614 Salmas,
322 3561 351 3602 ut
361 3554 466 3612 videtur,
478 3566 493 3600 e
503 3552 581 3601 libris.
600 3550 741 3600 Confirmat
751 3551 785 3599 A.
803 3548 962 3610 salubritatis,
972 3546 1072 3616 Βᾱβγ.
1092 3548 1317 3602 1000100101αὸνί-

100 3662 104 3677 .
195 3631 274 3683 tutem,
292 3619 358 3671 caeli
373 3618 514 3684 temperiem,
530 3618 610 3669 Solin.
627 3623 651 3676 2,
668 3623 692 3666 2.
711 3658 743 3666 ..
761 3615 828 3678 tulto,
844 3609 866 3664 θ
881 3614 1015 3679 (sumas.)
1034 3619 1123 3670 Omitt.
1140 3615 1270 3682 Rndssr.
1283 3659 1317 3669 ..

195 3687 398 3755 temperies,AS.
427 3685 563 3751 temperior,
582 3687 632 3736 R¹.
664 3687 814 3750 temperiem,
835 3686 884 3736 Ra
912 3686 1028 3751 temperie
1049 3695 1092 3749 ert,
1109 3680 1185 3748 Tdss.
1208 3725 1240 3734 ..
1264 3701 1318 3736 mu·

195 3758 258 3808 rium
278 3755 392 3818 efflatus,
413 3754 520 3806 Salmas.
544 3794 576 3802 -
598 3751 727 3817 vitiumque
747 3761 770 3801 et
789 3751 900 3804 olearum
916 3755 979 3805 ΒΑ.
1013 3763 1035 3804 et
1052 3755 1135 3805 viuum
1155 3753 1318 3817 olearumque,

196 3821 268 3892 ᾱβγ.
288 3866 319 3874 ..
350 3832 407 3884 tam,
423 3823 457 3872 A.
484 3831 559 3884 lautu,
575 3822 658 3872 RTd.
682 3862 713 3870 ..
740 3821 910 3881 molliml'int.
935 3862 967 3870 -
995 3820 1123 3886 pecudum,
1140 3823 1190 3872 R².
1217 3819 1319 3886 pecudi,

195 3887 358 3944 R'AOST.
383 3890 474 3957 pecori,
495 3887 566 3955 (Ιβγ.
589 3931 621 3939 -
645 3898 701 3951 tum,
719 3889 863 3961 RAKTq
885 3896 927 3951 tot,
938 3884 989 3954 βγ.
1010 3931 1041 3938 -.
1063 3889 1235 3957 premiumA.
1262 3902 1319 3952 per-

195 3961 292 4020 minum,
304 3963 328 4010 d.
348 3959 475 4024 pentinum,
487 3961 536 4010 3¹.
557 3957 707 4022 premiorum,
719 3960 768 4009 R'2.
790 3958 932 4021 Exscripsit
947 3959 1013 4008 haec
1029 3957 1110 4008 Solin.
1123 3963 1147 4020 2,
1160 3962 1184 4006 4.
1203 3997 1236 4006 ...
1254 3973 1320 4022 pau·

196 4027 378 4156 dens'dsabellr'
396 4068 428 4076 -
452 4036 507 4077 tune
523 4026 664 4090 quum,R¹.
685 4065 715 4074 ..
738 4025 911 4086 iuvandosud,
927 4025 961 4075 A.
989 4025 1025 4076 ud
1040 4023 1160 4075 iuvandos
1177 4024 1262 4086 adil.
1284 4021 1322 4074 ad

197 4093 270 4142 iuvare
290 4097 352 4154 os,d
382 4109 407 4158 γ.

336 4161 342 4171 .
606 4161 611 4173 ,
902 4161 908 4172 .
1187 4161 1193 4192 1
1308 4159 1315 4170 .

197 4157 1323 4293 1111.ἵζῗ1ἷῐ1ῐὲῖ.θζὲἑ1ἓ1.ῗὲἕ1111111110111111;;.ἴ”.ἰ’.

198 4292 327 4360 quaedum,
340 4311 391 4346 om.
403 4297 434 4346 T.
446 4338 476 4345 -
487 4293 616 4361 quaedum,
629 4311 679 4347 om.
692 4298 752 4347 d.-
760 4305 791 4359 et,
803 4289 913 4349 Reor.
926 4315 963 4360 ac,
974 4292 1024 4362 βγ.
1043 4305 1065 4346 et
1072 4311 1166 4360 puucu,
1177 4310 1229 4345 om.
1241 4295 1274 4345 K.
1287 4316 1321 4343 ι..
