2888 4794
622 309 812 355 reuelato.
1194 312 1278 355 XXIX

156 469 283 528 transiit.
306 467 464 527 Praeclare
479 461 530 539 34,
549 461 631 537 141.,
648 466 690 524 uti
703 463 819 524 Ianus
832 466 871 524 sd
885 467 915 524 h.
930 466 950 523 l.
967 472 996 523 et
1010 472 1078 523 ante
1091 482 1169 523 eum·
1179 465 1279 523 Rade-

155 597 207 638 rus
221 579 260 637 sd
274 576 411 637 Curtium
424 576 498 635 VII.
513 572 545 646 8,
564 571 613 635 15.
628 577 800 646 docuerunt,
815 575 903 634 lectio
916 575 1025 634 codicis
1044 595 1060 633 r
1072 577 1209 653 facientis
1228 592 1281 650 per

156 687 356 747 Parisienaem
370 687 391 744 b
406 687 604 756 confirmatur,
626 704 694 744 cnm
714 685 801 743 ceteri
820 685 886 743 libri
907 694 937 745 et
949 685 1016 744 edd.
1038 684 1178 759 vulgatae
1191 684 1281 742 inter·

156 797 335 874 palationem
351 797 423 857 satis
438 797 599 874 speciosam
611 798 737 872 faciente
758 796 896 853 habeant.
922 794 1069 870 Argutiae
1088 794 1207 870 pictoris
1228 810 1281 851 cu·

157 908 271 966 iusdam
286 903 338 979 35,
355 903 427 966 117.
443 906 604 965 secundum
618 923 711 963 unum
725 925 741 963 r
755 905 890 962 dicuntur
903 903 995 963 firisse
1009 906 1182 982 facetissimi
1201 905 1283 972 salia

159 1018 238 1091 qnod
252 1035 271 1075 a
285 1017 389 1075 ceteris
404 1016 539 1075 omnibns
554 1015 680 1074 librariis
695 1015 725 1072 in
732 1017 933 1092 facitissimeis
946 1016 1024 1086 alir's,
1037 1016 1213 1092 facetissime
1227 1013 1283 1083 isis,

153 1128 323 1203 sacilissimi
341 1129 430 1198 salis,
444 1128 583 1202 facillimi
607 1126 696 1195 salis,
708 1127 860 1201 facillimis
882 1126 953 1195 alis,
970 1124 1142 1201 falsissimis
1166 1124 1286 1181 aliaest

79 1253 86 1260 ·
161 1243 351 1310 corruptum,
373 1252 448 1310 qnae
467 1235 651 1310 corruptelae
673 1250 775 1292 onmes
795 1242 975 1309 quantopere
993 1232 1170 1308 scripturam
1184 1248 1285 1291 veram

160 1345 198 1403 ab
212 1361 270 1402 usu
283 1341 422 1402 Pliniano
436 1345 668 1403 commendatam
682 1344 856 1401 confirmant
869 1361 955 1401 nemo
968 1360 1027 1401 non
1042 1342 1131 1403 videt.
1152 1342 1286 1418 Interpo-

159 1453 298 1512 lationem
312 1454 473 1513 editionum
487 1453 688 1530 vulgaturum,
704 1461 798 1511 ortam
812 1453 894 1521 illam
908 1472 925 1511 e
939 1453 1086 1529 scriptura
1099 1451 1287 1511 librariorum

161 1563 338 1641 optimorum
348 1565 503 1636 librorum,
515 1564 602 1639 primi
611 1563 793 1623 removimus
805 1557 950 1638 36,121.‚
960 1563 1011 1621 ubi
1020 1581 1046 1633 r,
1059 1561 1124 1626 solo
1133 1561 1287 1620 addicente

75 1742 81 1751 ,
160 1672 322 1734 Parisiensi
336 1674 367 1746 h,
388 1681 469 1733 reate
488 1673 607 1733 exhibet
628 1673 663 1743 Q.
686 1648 819 1733 Marcius
838 1673 903 1732 Rea
923 1675 1038 1741 iussam·
1059 1673 1167 1731 usitato
1189 1690 1287 1730 errore

161 1803 216 1860 pro
229 1783 282 1842 illo
303 1782 338 1853 Q.
352 1784 385 1842 in
398 1784 482 1848 libris
495 1781 579 1842 BRd
592 1790 689 1842 exstat
703 1803 785 1860 qaae,
800 1783 879 1858 quod
900 1781 1153 1860 interpolationem
1172 1781 1288 1841 foedam

164 1893 331 1968 procreavit
346 1913 419 1969 qnae
438 1892 473 1962 Q.
495 1895 627 1977 Marcius
642 1894 706 1950 Res
714 1895 797 1968 fecit.
818 1893 850 1951 Is
864 1894 971 1950 iussas.
994 1891 1077 1950 Haec
1092 1889 1239 1950 sufficiant
1250 1892 1288 1951 ile

164 2001 340 2060 lectionibus
353 2019 380 2071 r,
395 2000 547 2075 inquibus
562 2007 690 2057 ceterum
703 1998 807 2057 foedas
821 2000 909 2058 etiam
922 2000 1163 2076 interpolationes
1177 1999 1288 2059 inveni·

114 2134 118 2140 ·
163 2120 264 2182 untur,
279 2104 389 2182 eries,
406 2103 478 2168 170.
501 2104 586 2180 174.,·
605 2109 644 2166 de
664 2109 772 2184 quibus
791 2109 864 2169 locis
892 2129 984 2187 supra
1001 2111 1168 2187 disputavi3
1193 2119 1287 2169 trans·

165 2222 293 2280 eundum
318 2220 357 2278 ad
372 2219 476 2296 siglam
501 2218 532 2278 V
556 2219 639 2278 nobis
663 2214 796 2279 notatam
816 2221 855 2291 Κ,
877 2192 966 2280 ¹¹cuius
989 2223 1135 2298 expositio
1160 2223 1198 2280 ab
1222 2222 1287 2298 ipso

163 2330 355 2408 Dalecampio
370 2332 486 2408 prolata
499 2330 543 2389 uti
555 2331 670 2390 codices
687 2332 814 2402 indicat,
834 2331 877 2389 ita
895 2331 945 2389 vel
959 2332 1099 2392 editiones
1117 2331 1166 2391 val
1187 2333 1286 2391 conie-

165 2449 264 2500 cturas
279 2441 411 2499 virorum
422 2442 574 2501 doctorum
584 2460 643 2500 non
653 2443 791 2505 excludit.
814 2441 856 2500 Et
868 2441 922 2500 has
933 2444 1052 2518 quidem
1065 2463 1085 2502 a
1097 2443 1287 2520 Dalecampio

164 2569 218 2626 per
238 2550 321 2609 illam
342 2551 470 2610 litteram
487 2551 579 2610 inisse
599 2550 776 2629 significatas
801 2553 994 2612 creberrimus
1021 2553 1102 2613 illius
1123 2556 1286 2632 scripturae

166 2677 331 2720 consensus
346 2678 412 2718 cum
427 2661 604 2721 coniecturis
617 2660 744 2719 Barbari
762 2669 792 2718 et
811 2660 941 2721 Pintiani
960 2662 1061 2734 docet3
1081 2665 1241 2722 clarissime
1259 2662 1289 2723 id

167 2771 273 2829 docent
285 2771 355 2842 loci,
371 2768 466 2845 qualis
480 2777 527 2827 est
540 2765 571 2840 2,
586 2764 672 2840 230„
685 2769 736 2827 ubi
749 2754 868 2827 lectioni
881 2771 1019 2829 Clitumni
1027 2773 1181 2847 adscripsit
1199 2773 1291 2831 verba

172 2882 234 2942 Vet.
250 2882 448 2954 adstipulatur
462 2880 503 2937 M
505 2901 517 2945 ,-
531 2884 565 2936 ut
578 2879 701 2954 proinde
715 2896 824 2953 negare
837 2879 939 2952 nolim,
954 2881 1080 2939 aliorum
1102 2881 1188 2939 etiam
1209 2883 1289 2941 viro·

166 3006 234 3046 rum
254 2987 406 3045 doctorum
426 2987 617 3063 coniecturas,
640 2991 690 3065 qui
710 2991 884 3049 industriam
903 3009 1009 3063 meam,
1029 2993 1163 3067 quamvis
1181 3010 1289 3064 acrem,

168 3096 349 3174 effugerunt,
372 3098 426 3159 eub
444 3099 498 3159 ills
511 3100 618 3173 latere,
640 3102 776 3160 seditem
797 3119 882 3161 nemo
903 3103 1021 3178 negabit
1034 3102 1195 3179 permultas
1208 3122 1225 3160 e
1237 3120 1290 3163 co-
1376 3114 1381 3122 “

168 3207 279 3266 dinibus
292 3205 414 3268 haustas
429 3209 567 3270 lectiones
578 3192 693 3286 'easque
711 3230 797 3288 saepe
817 3212 1084 3288 praestantissimas
1097 3230 1150 3288 per
1162 3211 1291 3273 litteram

166 3317 198 3378 K
210 3318 342 3392 indicari,
358 3321 411 3395 qui
423 3339 499 3398 quae
513 3321 642 3395 egoiam
656 3321 686 3380 in
701 3320 776 3380 hanc
794 3340 857 3379 rem
872 3341 938 3380 sum
960 3321 1105 3380 allaturus
1124 3323 1290 3400 perlegerit.

167 3427 215 3488 Ita
234 3426 270 3501 2,
294 3425 366 3489 121.
389 3409 620 3505 ventus‘aliquis
641 3414 914 3490 vehementissimus
934 3431 966 3489 in
987 3431 1136 3490 nonnullis
1158 3434 1243 3492 codd.
1262 3443 1291 3492 et

168 3537 235 3615 edd.
250 3538 379 3614 vulgatis
390 3539 496 3597 dicitur
508 3540 634 3597 coerceri
640 3543 746 3616 paucis
756 3552 821 3600 1111
831 3543 968 3601 limitibus
979 3544 1040 3618 ispi
1049 3544 1152 3602 modici
1161 3562 1291 3613 occursu,

168 3648 219 3707 ubi
232 3647 309 3706 illud
324 3650 460 3708 limitibus
474 3666 541 3708 cnm
555 3648 638 3707 nulla
652 3650 765 3709 ratione
785 3651 924 3728 explicari
943 3661 1055 3727 posaet3
1076 3669 1132 3726 ego
1147 3671 1185 3708 ex
1198 3650 1229 3707 K
1242 3669 1291 3708 re-

170 3758 234 3833 cepi
247 3760 370 3817 millilas
385 3776 426 3817 sc.
442 3748 593 3835 passuum,
610 3778 687 3835 quae
697 3760 841 3836 scriptura
851 3780 903 3838 per
913 3761 958 3819 1³²
968 3762 1083 3838 egregie
1094 3759 1292 3835 confirmatur,

169 3884 208 3923 ex
222 3883 281 3938 quo
294 3865 408 3925 Ianus
422 3871 483 3927 mili
497 3869 636 3940 enotavit,
652 3870 731 3945 qnod
744 3871 775 3928 in
789 3874 874 3929 militi
887 3876 916 3928 et
929 3871 997 3927 inde
1010 3871 1041 3927 in
1054 3869 1208 3930 lectionem
1223 3875 1292 3932 vul-

170 3980 271 4052 gatam
291 3977 414 4035 bansiit.
443 3976 513 4035 Alio
534 3977 600 4036 loco
622 3974 673 4051 32,
696 3974 747 4039 50.
769 3999 828 4037 non
848 3979 980 4036 dubitavi
994 3998 1032 4036 ex
1045 3998 1104 4037 uno
1117 3979 1148 4040 K
1161 3983 1291 4062 recipere

170 4101 277 4143 nomen
297 4087 406 4157 nassis,
429 4086 466 4142 de
485 4104 544 4160 quo
563 4094 693 4162 repetere
711 4086 781 4145 nolo
800 4105 876 4163 quas
893 4087 956 4146 illie
974 4087 1129 4167 disputavi.
1162 4093 1214 4154 Ab
1233 4114 1293 4155 uno

170 4193 381 4272 Bambergensi
394 4194 493 4255 codice
507 4184 696 4256 confirmatur
716 4197 796 4272 quod
816 4195 849 4256 K
866 4194 1136 4275 rectissIme‘habet
1148 4200 1200 4276 34,
1219 4199 1291 4263 176.
