2888 4794
426 320 496 366 mn.
513 319 550 366 11.
579 318 657 366 cnr.
674 321 769 366 1-v.
799 319 896 368 seer.
917 325 978 365 mi.
1195 308 1255 371 103

136 472 228 539 molis
249 482 372 538 rotatae
394 471 553 558 vertigine
575 472 709 537 adsidua
732 472 874 550 sonitus,
905 497 968 539 non
991 475 1139 559 equidem
1161 477 1256 543 lacile

136 573 283 652 dixerim,
305 595 369 638 non
383 573 526 640 Hercule
540 573 654 660 magis,
677 595 774 656 quam
792 573 1054 643 circumactorum
1077 577 1171 643 simul
1194 578 1255 643 tin-

135 674 222 740 nitus
243 672 384 739 siderum
406 696 545 759 suosque
568 674 762 741 volventium
784 674 870 740 orbis
892 699 933 740 an
956 677 1059 743 dulcis
1078 679 1209 764 quidam
1224 691 1257 745 et

135 775 314 843 incredibili
330 776 489 841 suavitate
504 787 686 843 concentus.
716 775 817 842 Nobis
833 776 888 863 qui
902 777 990 844 intus
1006 779 1142 868 agimus,
1165 782 1257 847 iuxta
1272 799 1284 845 7

137 879 252 945 diebus
272 878 485 963 noctibusque
508 877 624 962 tacitus
645 877 764 943 labitur
785 880 933 944 mundus.
969 879 1052 945 Esse
1073 881 1257 950 innumeras

136 980 316 1067 eieffigies
336 980 521 1046 animalium
542 1002 714 1065 rerumque
736 991 922 1045 cunctarum
944 981 1105 1069 inpressas
1127 1007 1196 1063 nee,
1219 995 1258 1052 ut

136 1081 169 1146 in
190 1082 358 1148 voluerum
379 1093 527 1149 notamus
549 1081 639 1161 ovis,
661 1081 813 1150 laevitate
835 1082 984 1150 continua
1004 1085 1163 1151 lubricum
1186 1109 1255 1152 eor-

136 1204 219 1270 pus,
241 1183 329 1268 quod
351 1184 518 1250 clarissimi
540 1194 685 1251 auctores
708 1184 834 1263 dixere,
857 1207 964 1251 rerum
986 1188 1185 1274 argumentis
1206 1189 1256 1253 in-

136 1283 272 1362 dicatur,
295 1284 446 1369 quoniam
468 1286 542 1351 inde
564 1287 708 1352 deciduis
729 1309 837 1352 rerum
858 1287 1000 1352 omnium
1018 1289 1192 1355 seminibus
1206 1290 1257 1352 in-

136 1407 288 1452 numerae
308 1386 343 1451 in
364 1385 444 1450 mari
466 1387 647 1473 praecipue,
671 1410 708 1453 ae
722 1389 910 1475 plerumque
932 1390 1084 1469 confusis,
1106 1391 1257 1457 monstri-

136 1487 217 1554 ficae
231 1487 408 1577 gignantur
423 1486 564 1576 effigiem
586 1499 753 1574 praeterea
767 1490 857 1555 visus
871 1490 1068 1576 probatione,
1088 1492 1164 1558 alibi
1179 1492 1286 1572 ursi,e

137 1589 220 1655 tauri
241 1587 334 1668 alibi,
357 1589 434 1655 alibi
454 1589 580 1655 litterae
600 1589 723 1678 figura,
747 1591 931 1679 candidiore
952 1594 1058 1660 medio
1079 1618 1138 1680 per
1159 1594 1258 1660 verti-

137 1712 207 1756 cem
227 1690 358 1758 circulo.
375 1700 388 1771 j
412 1689 471 1756 IV.
508 1690 670 1776 Equidem
700 1702 733 1756 et
760 1715 917 1758 consensu
945 1695 1090 1783 gentium
1118 1718 1258 1762 moveor.

136 1790 220 1857 Nam
234 1814 332 1877 quem
346 1792 458 1877 κόσμον
472 1790 591 1858 Graeci
605 1792 732 1857 nomine
747 1795 924 1859 ornamenti
939 1797 1161 1882 appellavere,
1184 1818 1259 1862 eum

137 1905 177 1960 et'
195 1916 255 1960 nos
281 1917 302 1958 a
326 1893 472 1981 perfecta
500 1894 710 1980 apsolutaque
737 1895 898 1982 elegantia
920 1897 1085 1961 mundum.
1122 1894 1287 1962 Caelumo

137 1995 267 2080 quidem
288 1995 368 2061 baut
389 1996 485 2062 dubie
508 1995 622 2062 caelati
642 2007 831 2082 argumento
853 1996 1014 2076 diximus,
1042 2009 1078 2064 ut
1098 1999 1257 2084 interpre-

138 2106 224 2162 tatur
244 2095 293 2162 M.
315 2096 429 2164 Varro.
466 2097 613 2162 Adiuvat
632 2118 741 2162 rerum
761 2096 858 2176 ordo,
882 2098 1042 2185 descripto
1064 2100 1181 2175 circulo
1204 2099 1259 2184 qui

138 2198 272 2286 signifer
293 2196 427 2265 vocatur
446 2199 480 2265 in
502 2199 672 2266 duodecim
693 2198 877 2265 animalium
900 2201 1042 2289 effigies,
1067 2213 1099 2266 et
1116 2211 1174 2287 pet
1188 2200 1259 2267 illas

138 2300 214 2367 solis
236 2322 350 2367 cursus
370 2323 551 2390 congruens
574 2311 622 2367 tot
642 2301 779 2366 saeculis
800 2301 893 2367 ratio.

180 2401 238 2468 V.
258 2404 290 2468 4.
311 2401 381 2468 Nee
402 2402 443 2468 de
465 2402 631 2468 elementis
653 2402 747 2468 video
769 2403 928 2481 dubitari,
951 2415 1102 2490 quattuor
1116 2427 1187 2470 esse
1202 2426 1258 2470 ea:
1275 2420 1306 2464 lo

139 2503 263 2592 ignium
282 2527 459 2584 summum3
482 2504 557 2570 inde
581 2515 628 2570 tot
649 2504 812 2569 stellarum
833 2505 904 2570 illos
927 2505 1160 2572 conlucentium
1182 2526 1259 2572 ocu-

140 2644 284 2698 laevitmm
300 2643 451 2706 concauam,
465 2645 495 2694 P.
519 2685 551 2693 ..
574 2642 714 2704 clarissimi,
732 2646 755 2692 d
774 2641 948 2706 clarissimam,
961 2637 1051 2694 OPab
1056 2659 1097 2708 gp
1108 2641 1260 2705 (Richelet.)

141 2713 201 2765 vid
212 2712 280 2762 Plac.
292 2712 391 2762 Times.
403 2727 428 2775 p.
441 2717 482 2762 33.
494 2713 524 2760 Β.
536 2711 590 2762 cic.
602 2713 634 2761 N.
647 2713 679 2762 D.
694 2717 716 2768 2,
730 2717 770 2760 28.
784 2751 816 2759 -
829 2708 924 2772 dixere,
937 2706 1030 2768 oin.,P.
1050 2752 1081 2760 ..
1099 2727 1188 2771 reram,
1200 2712 1261 2761 Pin·

139 2782 200 2832 tien.
219 2795 259 2830 ar.
277 2782 448 2845 varmPpo
462 2775 613 2840 (Bichelet.)
637 2787 749 2839 teneram,
765 2772 837 2841 bgst.
861 2785 1018 2839 terrenorum,
1036 2771 1064 2828 θ.
1094 2786 1207 2829 teneram..
1227 2776 1260 2827 al.

140 2850 276 2966 illl?
298 2847 665 2978 ltilbsslftlldlbffi·
693 2842 1262 2965 „offipilgpgaaagrffiass

141 2930 327 3048 dipeneradtur,
338 2982 368 3032 P.
599 2950 606 2976 s
622 2929 640 2977 p
833 2949 839 2974 l
1053 2929 1070 2976 9
1201 2948 1209 2975 l

173 3049 226 3112 §ta
245 3048 403 3115 protasium
419 3053 487 3101 hanc
497 3065 590 3100 vocem
606 3051 723 3114 proxime
739 3058 879 3113 sequuntur
894 3048 958 3099 alibi
972 3049 1083 3113 plaustri
1098 3050 1125 3098 in
1142 3047 1230 3098 codice
1247 3063 1263 3097 e

141 3135 158 3168 a
173 3116 252 3168 manu
267 3118 378 3168 secunda
393 3126 419 3168 et
434 3112 490 3183 βγς
508 3134 538 3169 ea
555 3119 637 3168 omitt.
656 3119 700 3168 Pe
711 3120 790 3181 ¹dbg,
803 3125 829 3167 et
840 3117 980 3167 omittenda
992 3131 1046 3167 esse
1058 3119 1134 3167 docet
1145 3123 1199 3166 tam
1209 3115 1266 3180 ipse

140 3199 181 3237 res
192 3183 265 3249 (cum
275 3200 348 3236 ursus
360 3193 386 3235 et
396 3187 538 3249 plaustrum
550 3186 619 3235 sidus
631 3186 698 3235 idem
707 3186 860 3248 significare
872 3186 922 3234 vid.
934 3185 1007 3235 Aret.
1018 3185 1153 3249 phaenom.
1160 3187 1200 3235 27.
1207 3198 1266 3233 cum

141 3254 228 3304 adnot.
240 3249 350 3316 vossii),
360 3267 437 3316 quom
448 3254 565 3303 codicum
577 3255 715 3304 auctoritas
732 3250 881 3303 confirmata
896 3267 941 3316 per
957 3252 989 3313 Τ,
1005 3253 1033 3302 in
1050 3267 1101 3315 quo
1118 3252 1213 3315 legitur
1228 3248 1267 3301 ml

138 3320 253 3387 plamtri,
266 3336 317 3385 qua
328 3320 453 3385 particula
464 3321 490 3369 in
503 3321 632 3370 codicibus
648 3321 788 3370 sexcenties
812 3320 1011 3384 dittographiem
1036 3319 1141 3370 indicari
1158 3323 1267 3386 constet,

141 3396 169 3439 et
179 3388 204 3450 d,
213 3388 260 3453 qui
270 3389 368 3439 nomini
380 3387 435 3438 arel
446 3388 643 3451 suprascriptum
655 3388 733 3438 habet
744 3386 778 3437 al.
788 3386 895 3452 plaustri
910 3387 927 3436 i.
947 3401 969 3437 e.
982 3386 1059 3447 alias,
1072 3389 1132 3436 item
1145 3389 1176 3436 ad
1189 3386 1266 3449 signi-

142 3456 268 3507 ficandam
288 3452 406 3508 lectionis
427 3455 582 3506 varietatem.
608 3452 767 3519 palaestrae.
787 3494 819 3502 -
838 3451 910 3513 alibi,
924 3451 995 3512 alibi,
1007 3454 1067 3507 abd
1072 3468 1096 3516 g.
1107 3452 1179 3514 alibi,
1191 3453 1221 3502 P.
1235 3492 1267 3501 ..

144 3522 249 3589 litterae,
260 3522 376 3588 abdgK
395 3518 416 3572 Δ
429 3522 510 3583 litera,
522 3516 623 3573 llichel.
643 3563 675 3572 ..
684 3523 783 3585 ficara,
796 3523 820 3571 d.
830 3522 944 3585 fiqarac,
956 3521 1001 3570 ab.
1015 3519 1073 3570 Om.
1086 3535 1111 3584 g.
1130 3560 1161 3568 ..
1179 3516 1268 3569 candi-

144 3588 218 3640 diora
234 3607 254 3653 e,
270 3590 300 3643 T.
324 3633 355 3642 ..
376 3605 430 3656 per,
447 3590 606 3653 STabdgr.
629 3606 711 3656 saper,
729 3585 807 3653 Ppss.
833 3629 863 3637 -
886 3586 1013 3652 Namque,
1025 3588 1072 3638 Pa
1087 3582 1217 3651 (Robert.)
1237 3624 1268 3635 ..

144 3673 247 3721 cosmon,
260 3672 283 3708 o.
301 3675 402 3721 cosmos,
413 3659 540 3723 Pe²bgp
565 3654 696 3722 (Robert.)
714 3657 803 3709 Omitt.
820 3657 885 3706 a¹d.
904 3697 936 3705 -
954 3653 1122 3720 appellavere,
1148 3655 1270 3716 abdgpr

143 3722 275 3790 (Rcbert.)
294 3725 486 3792 appellaverunt,
498 3727 520 3777 P
525 3722 554 3788 β.
574 3767 605 3776 ..
624 3733 657 3787 et,
669 3727 786 3789 TPdgp
808 3720 939 3788 (Robert.)
952 3722 1042 3773 Omitt.
1055 3717 1150 3786 obstr.

178 3790 230 3854 §9-
249 3792 365 3856 dirimas,
386 3795 501 3857 Pabdg.
534 3793 644 3855 dicimus,
660 3806 702 3857 rr.
722 3833 753 3842 ..
778 3792 869 3853 Varro,
887 3794 918 3842 de
934 3791 1024 3854 lingue
1039 3792 1096 3840 Lat.
1110 3795 1133 3838 5.
1146 3786 1161 3848 ξ
1176 3792 1215 3838 18.
1228 3788 1268 3836 ed.

143 3860 245 3913 Mulier.
264 3902 296 3912 ..
314 3872 418 3924 rotatur,
429 3862 459 3912 P.
479 3901 510 3911 ..
528 3879 623 3922 careus,
635 3861 763 3923 l'abdgp
781 3856 911 3922 (Robert.)
935 3859 1027 3918 curaui,
1045 3858 1093 3907 Tr.
1114 3895 1144 3904 ..
1164 3853 1269 3905 circulo·

145 3945 198 3979 ram
218 3945 238 3979 r.

176 3965 247 4056 5⁹10.
266 3994 386 4059 NemaP.
408 4038 438 4046 -
457 4011 510 4046 esse
524 4013 562 4057 ea,
579 3996 755 4058 TPe²bdgp
773 3989 904 4057 (Robert.)
923 4010 980 4053 esec,
999 3993 1035 4040 at
1054 4005 1086 4042 ea
1098 3985 1219 4055 aasastr.
1240 4029 1270 4039 ..

147 4060 248 4127 ioniam
272 4060 376 4117 Barbar.
404 4066 469 4128 abg.
502 4062 606 4128 lyncum,
624 4061 742 4115 Sabellio.
760 4061 812 4111 Td.
840 4059 949 4124 ignitam,
969 4052 1020 4110 Ρθ
1063 4052 1193 4122 (Bobert.)
1211 4054 1272 4136 igni·
1320 4076 1335 4091 ⁸

146 4128 213 4193 dam,
224 4146 249 4182 a.
268 4131 356 4200 ipram,
367 4150 386 4182 r.
397 4174 428 4183 ,
448 4148 571 4193 summum,
583 4145 628 4181 aa.
647 4146 742 4190 camma,
751 4123 894 4193 PTlldgp
907 4074 1042 4191 (Robertl
1055 4143 1154 4187 camma,
1163 4125 1188 4176 b.
1202 4163 1233 4174 ..
1247 4139 1272 4174 m

147 4205 188 4261 tat,
200 4215 226 4265 p.
237 4240 269 4252 ..
280 4198 337 4251 illos
348 4199 523 4263 tollerantiam,
535 4199 573 4250 ab
578 4214 602 4263 g.
616 4197 673 4250 illos
686 4205 718 4248 tot
733 4194 907 4258 collocantium,
920 4195 974 4245 Τά.
988 4194 1158 4248 collucenla'um
1170 4191 1272 4244 obmer-

148 4299 182 4349 tis
194 4300 259 4366 illoc,
271 4303 301 4353 P.
319 4299 488 4357 colluceariam
499 4300 564 4365 illos,
576 4271 685 4353 Robora
693 4295 743 4364 βγ.
