2888 4794
606 275 795 322 ruarmo.
1205 276 1261 320 m

118 403 303 512 possumus,
325 441 388 492 tum
403 432 509 492 docent
523 431 648 491 duorum
662 431 828 491 libellorum
841 430 1016 508 fragmenta,
1037 447 1112 507 quae
1126 429 1261 489 decesso·

135 544 218 603 ribus
238 542 312 602 meis
329 540 360 601 in
379 542 557 602 recensendo
576 541 675 601 Plinio
695 540 806 600 dudum
826 540 945 618 cognita
963 541 1002 600 ab
1022 540 1058 600 iis
1071 560 1131 601 uon
1145 559 1180 599 oa
1194 546 1263 599 eunt

136 672 208 714 cura
220 661 289 715 sunt
298 659 452 730 usurpata,
464 670 565 729 quam,
576 650 637 710 illis
651 650 824 728 fragmentis
837 649 929 712 semel
941 649 973 709 in
986 649 1081 711 lucem
1094 649 1261 729 protractis,

136 763 295 823 adhibitam
313 764 350 823 iis
368 763 462 822 inisse
481 764 545 822 iure
563 762 792 839 exspectaveris.
813 760 915 821 Primo
933 760 1000 820 loco
1020 759 1070 820 hic
1081 760 1152 819 mssii
1165 761 1263 820 dicen·

137 876 207 932 dum
221 880 268 932 est
280 873 317 932 de
330 871 493 950 fragmento
506 871 560 932 illo
573 871 785 949 pretiosissimo
801 864 956 948 (Pseudo)
972 868 1112 947 Appuleil
1129 872 1164 929 de
1174 882 1263 929 55515·Ι

137 986 196 1044 dlis
210 983 395 1056 salutaribus,
410 982 448 1042 de
461 1000 521 1058 quo
534 982 599 1040 ism·
607 1001 626 1040 a
641 978 788 1041 Salmasio
802 981 915 1039 detecto
926 972 957 1038 et
967 979 1123 1054 aliquoties
1133 979 1165 1038 in
1175 995 1263 1038 usum

137 1098 254 1165 vocato,
268 1093 320 1152 sed
333 1093 371 1151 ab
385 1092 551 1166 Harduino‚
566 1093 645 1168 quod
659 1091 692 1150 in
705 1091 805 1151 codice
817 1090 978 1149 Parisiensi
993 1088 1116 1162 mireris,
1131 1095 1265 1167 praeter-

138 1219 228 1277 quam
245 1201 275 1262 in
294 1202 367 1262 locis
386 1203 446 1262 iam
465 1221 486 1261 a
504 1199 649 1262 Salmasio
667 1199 798 1261 uectatis
812 1218 935 1278 prorsus
949 1199 1098 1278 neglecto,
1120 1206 1150 1258 et
1170 1216 1267 1276 nuper

137 1330 157 1371 a
176 1311 373 1371 Friderico
392 1311 566 1371 Ddbnero
586 1310 861 1371 benevolentissime
873 1309 904 1368 in
917 1328 1016 1369 meum
1030 1326 1119 1368 nsum
1133 1315 1196 1369 tcto
1210 1309 1265 1368 de·

137 1422 258 1499 scripto,
272 1422 336 1500 ipse
349 1440 409 1500 ego·
418 1421 539 1482 uberius
554 1421 681 1499 exposui
693 1421 724 1480 in
739 1420 943 1497 quaestionum
956 1418 1161 1479 Plinianarum
1171 1419 1265 1498 spod-
1320 1456 1323 1463 ·

137 1531 215 1591 mine
229 1528 259 1592 1.
271 1532 405 1592 Drosdae
420 1526 514 1592 1889.
528 1530 615 1605 edito,
626 1530 706 1590 unde
720 1548 797 1606 quae
810 1529 849 1589 sd
862 1548 926 1589 rem
939 1529 1053 1588 faciunt
1067 1546 1122 1590 suo
1135 1529 1202 1590 loco
1215 1535 1269 1589 re'··

137 1648 247 1718 petam.
268 1639 371 1702 Pauca
390 1642 463 1701 haec
483 1640 556 1700 folia
575 1649 619 1700 tot
635 1638 724 1700 Plinii
738 1641 820 1701 locos
835 1638 995 1716 integritati
1010 1657 1082 1698 suae
1095 1640 1264 1713 restituunt,
1365 1630 1370 1639 ’

138 1759 172 1810 51
195 1769 266 1828 prae
289 1750 325 1810 iis
351 1750 437 1810 155115
458 1751 508 1811 vel
529 1757 646 1810 centum
666 1750 780 1810 codices
798 1751 946 1810 minorum
966 1750 1097 1826 gentium
1116 1749 1264 1827 proiiciss.

137 1859 276 1919 Alterum
291 1859 488 1936 fragmentum
500 1861 570 1918 item
584 1861 623 1919 ab
636 1860 793 1919 Harduino
805 1859 869 1919 lere
883 1859 1059 1935 neglectum,
1081 1858 1133 1916 illo
1147 1858 1266 1932 quidem·

138 1971 227 2045 longe
244 1969 379 2041 interius,
394 1987 519 2046 magnae
532 1977 632 2027 tamen
645 1968 780 2027 utilitatis
794 1967 832 2025 ad
845 1966 1004 2025 nonnullas
1017 1964 1109 2024 Plinii
1121 1949 1268 2044 paragra·

138 2079 215 2156 phos
225 2078 438 2153 emendandas,
452 2086 604 2139 servatum
617 2082 663 2137 est
677 2076 708 2135 in
721 2077 838 2137 scholiis
851 2078 892 2136 ad
907 2074 1074 2136 Germanici
1081 2079 1268 2153 propnoatioa

140 2186 233 2266 (apud
248 2187 392 2261 ¹Buhlium
410 2188 481 2248 Vol.
501 2189 544 2249 11.
564 2208 596 2266 p.
612 2183 685 2248 112.
700 2181 793 2268 sqq).
819 2183 975 2264 negantur
993 2185 1035 2246 ibi
1055 2205 1093 2245 ex
1112 2186 1189 2247 libro
1201 2187 1267 2247 Pli-
1396 2222 1399 2227 ,

138 2299 181 2358 nn
200 2297 323 2359 xvnr.
346 2294 471 2370 55515.
496 2295 571 2359 214.
596 2276 668 2359 154.
684 2273 765 2358 ’555
788 2292 861 2357 sci.
883 2292 1078 2358 545-545.
1099 2292 1173 2358 555.
1193 2293 1267 2359 555.

142 2404 329 2470 268-271.
350 2404 542 2470 ets-294.
565 2403 754 2470 309-313.
774 2408 813 2468 ad
833 2408 958 2468 verbnm
977 2408 1172 2487 transcriptae
1185 2416 1216 2467 et
1228 2426 1269 2467 ex
1395 2393 1399 2401 ⁸

140 2519 221 2578 fonte
234 2520 369 2579 omnibus
384 2519 532 2579 codicibus
545 2520 635 2595 longe
647 2518 766 2597 puriore
779 2517 918 2590 haustae,
935 2519 1015 2593 quod
1028 2537 1096 2578 eum
1109 2525 1269 2598 praeeunte

140 2627 293 2688 Hadriano
306 2626 394 2689 Iunio
407 2629 438 2689 in
451 2629 750 2688 animadversiombus
766 2623 797 2701 6,
812 2625 864 2688 22.
884 2627 1101 2700 Pontedera·m
1118 2629 1267 2704 antiquitt.

140 2734 221 2798 Latt.
244 2747 275 2798 et
293 2736 415 2798 Graecis
434 2737 591 2812 aliquoties
607 2735 793 2813 probaverit,
815 2742 878 2811 'ego
898 2739 930 2797 in
950 2745 1081 2813 tempore
1101 2739 1268 2814 plenissime

142 2847 361 2908 demonstrabo.
1273 2856 1277 2861 '
1384 2832 1389 2841 ¹

148 2981 152 2992 ¹
182 2955 327 3017 Perbonis
351 2955 500 3017 codicibus
519 2973 593 3016 usus
621 2964 668 3016 est
688 2957 776 3017 etiam
794 2959 898 3018 Dicuil·
918 2957 949 3016 iu
972 2957 1050 3017 libro
1075 2959 1110 3018 dc
1135 2976 1270 3017 mensura

141 3068 228 3138 orbis,
247 3067 286 3125 ab
299 3064 454 3125 Harduino
474 3067 724 3145 negligentissime
741 3068 873 3146 inspecto
892 3076 1008 3146 etpost
1028 3067 1269 3128 Wslckenarium

47 3241 50 3249 ,
142 3195 161 3234 5
180 3174 339 3236 Letronnio
358 3173 484 3238 Parisiis
503 3197 532 3239 a.
554 3174 648 3241 1814.
667 3197 735 3239 cum
756 3180 966 3238 commentario
994 3197 1082 3238 verae
1102 3179 1270 3238 eruditionis

140 3287 308 3363 plenissimo
321 3287 408 3348 edito.
435 3288 472 3347 In
490 3289 662 3348 universum
680 3287 733 3348 ille
751 3290 876 3365 scriptor
895 3290 1046 3367 conspirat
1065 3262 1269 3367 cum'optimis

141 3415 275 3456 meorum
289 3398 432 3470 codicum,
452 3397 495 3458 ita
512 3407 546 3458 ut
559 3417 628 3458 eum
643 3417 710 3458 cum
725 3399 824 3458 codice
836 3397 869 3456 A
882 3400 1056 3459 contendere
1070 3400 1172 3473 velim3
1193 3419 1269 3460 non·

141 3525 302 3583 numquam
317 3508 400 3568 solus
419 3526 458 3567 ex
477 3508 612 3567 omnibus
632 3507 716 3567 libris
734 3507 885 3583 hucusque
899 3509 1016 3569 collatis
1030 3528 1131 3569 veram
1145 3511 1270 3588 scriptu·

141 3637 206 3677 ram
224 3619 355 3678 servavit
377 3612 422 3696 (5,
437 3613 489 3678 48.
518 3613 548 3692 6,
569 3613 641 3680 180.
665 3612 755 3700 197.)
774 3617 823 3680 vel
842 3619 995 3695 vulgatam
1015 3615 1032 3700 β
1054 3623 1093 3680 ab
1114 3620 1271 3687 Harduino

142 3728 218 3788 male
238 3729 384 3789 desertam
406 3729 560 3788 confirmat
579 3722 628 3809 (6,
643 3722 725 3806 37.),
751 3727 1023 3806 interpolationibus
1044 3738 1142 3788 tamen
1167 3736 1198 3787 51
1222 3728 1271 3788 hic

142 3857 201 3899 non
220 3856 344 3915 prorsus
363 3856 476 3920 vacuus
492 3834 537 3915 (3,
552 3833 604 3898 87.
621 3833 651 3910 6,
666 3833 747 3920 37.).
776 3839 812 3897 In
833 3857 958 3915 quorum
979 3855 1102 3896 numero
1122 3855 1193 3896 num
1213 3837 1269 3897 ad-

142 3948 335 4005 ditamentum
350 3965 415 4006 cum
432 3946 535 4007 Solimo
550 3949 578 4006 ei
591 3965 745 4006 commune
766 3954 796 4006 et
814 3967 867 4023 per
888 3966 920 4006 se
938 3949 1048 4006 bonum
1070 3947 1269 4024 adprobabile

143 4049 196 4135 (4,
207 4049 275 4137 95.)
290 4055 328 4115 sit
342 4055 520 4132 ponendum,
542 4055 669 4132 ambigo,
691 4057 818 4131 recipere
837 4063 935 4115 tamen
954 4057 986 4118 iu
999 4056 1092 4134 ipsam
1109 4059 1268 4121 orationem

144 4185 202 4225 non
215 4183 319 4226 susus.
