2888 4794
383 292 454 339 nus.
471 292 508 340 11.
538 293 616 339 aar.
634 292 708 338 xm.
725 293 785 339 xv,
816 291 914 341 sacr.
931 295 1019 338 11-1s.
1193 279 1251 340 121

138 443 234 508 etiam
257 465 297 507 ex
319 443 474 528 quadrato
496 445 593 510 sentit
613 443 720 508 radios
743 469 760 508 a
784 462 912 508 Lxxxx
934 446 1090 532 partibus,
1113 447 1200 511 unde
1223 457 1256 511 et

137 566 252 609 nomen
280 546 406 631 accepit
430 557 536 611 motus
561 545 686 632 primus
708 556 740 610 et
767 546 925 612 secundus
947 547 1182 634 nonagenarius
1204 546 1254 610 di-

138 655 210 710 ctus
231 645 271 711 ab
299 657 434 730 utroque
457 657 580 712 exortu.
617 647 741 713 Eadem
772 647 949 713 stationalis
977 649 1061 713 senis
1090 648 1255 714 mensibus

138 757 339 812 conmoratur
360 749 526 834 insignis,
550 749 667 832 alioqui
684 747 855 828 bimestris,
880 771 952 814 cum
974 752 1098 815 ceterae
1120 759 1256 834 utraque

137 848 274 913 statione
301 860 474 932 quaternos
503 872 630 915 menses
655 872 720 914 non
748 850 899 936 inpleant.
946 849 1120 916 Inferiores
1149 861 1256 916 autem
1269 871 1299 916 ol

137 950 220 1015 duae
242 952 441 1017 occultantur
461 951 495 1015 in
516 952 602 1016 coitu
624 952 807 1037 vespertino
829 951 924 1018 simili
945 951 1039 1016 modo
1060 953 1256 1037 relictaeque

136 1074 157 1115 a
178 1053 243 1118 sole
266 1052 399 1116 totidem
420 1053 454 1117 in
474 1052 619 1138 partibus
634 1053 756 1118 iaciunt
771 1064 899 1119 exortus
914 1053 1095 1134 matutinos,
1119 1055 1162 1119 ad
1176 1076 1256 1138 quos

135 1152 331 1241 longissimis
346 1153 516 1219 distantiae
539 1178 615 1220 suae
637 1154 731 1219 metis
753 1156 857 1221 solem'
871 1156 1082 1239 insequentur
1103 1156 1255 1242 adeptae·

136 1277 199 1338 que
221 1276 338 1320 occasu
358 1257 515 1321 matutino
537 1257 716 1322 conduntur
737 1279 775 1321 ac
796 1267 1011 1343 praetereunt.
1042 1255 1124 1321 Mox
1143 1257 1256 1322 eodem

135 1356 302 1429 intervallo
324 1379 458 1443 vespere
480 1358 666 1425 exoriuntur
687 1382 790 1443 usque
812 1358 854 1423 ad
883 1380 963 1442 quos
985 1357 1123 1423 diximus
1146 1359 1255 1423 termi-

135 1479 211 1533 nos3
234 1457 275 1522 ab
290 1457 380 1522 hisce
392 1459 673 1547 ,retrogradiuntur
694 1461 737 1525 ad
759 1461 856 1526 solem
879 1471 912 1524 et
933 1481 1049 1525 occasu
1070 1460 1256 1545 vespertino

137 1558 341 1626 delitescunt.
370 1559 508 1626 Veneris
532 1561 623 1626 stella
645 1572 676 1626 et
699 1563 851 1627 stationes
873 1561 965 1639 duas,
988 1562 1176 1626 matutinam
1198 1583 1255 1627 ve-

136 1660 384 1746 spertinamque,
407 1662 448 1728 ab
470 1673 606 1746 utroque
629 1673 742 1727 exortu
762 1662 850 1740 facit,
872 1685 892 1726 a
913 1662 1109 1748 longissimis
1131 1663 1255 1727 distan-

135 1762 198 1827 tiae
221 1785 298 1827 suae
319 1761 447 1842 finibus,
469 1761 613 1828 Mercuri
636 1765 789 1829 stationes
809 1763 956 1829 breviore
977 1774 1138 1827 momento
1159 1786 1257 1848 quam

134 1875 171 1929 ut
192 1865 388 1950 deprehendi
410 1865 544 1950 possint.

177 1965 228 2030 13.
260 1965 354 2031 Haec
375 1975 426 2030 est
446 1966 603 2031 luminum
623 1967 935 2049 occultationumque
957 1965 1050 2044 ratio,
1071 1965 1256 2052 perplexior
1269 1985 1302 2030 oa

133 2078 222 2132 motu
249 2067 422 2153 multisque
448 2068 592 2134 involuta
618 2067 789 2132 miraculis.
828 2064 995 2152 Siquidem
1017 2067 1256 2155 magnitudines

135 2192 210 2234 suas
235 2179 267 2234 et
289 2169 411 2235 colores
432 2179 556 2233 mutant
576 2179 609 2235 et
629 2169 763 2234 eaedem
777 2169 819 2232 ad
834 2168 1083 2254 septentrionem
1098 2170 1256 2236 accedunt

133 2270 316 2355 abeuntque
337 2271 379 2334 ad
400 2282 545 2336 austrum
569 2270 725 2355 terrisque
746 2271 913 2356 propiores
934 2281 990 2335 aut
1012 2272 1099 2337 caelo
1121 2284 1255 2360 repente

134 2383 317 2437 cernuntur.
357 2371 398 2436 In
429 2374 547 2457 quibus
577 2373 670 2440 aliter
697 2373 798 2437 multa
824 2395 920 2457 quam
949 2372 1073 2457 priores
1106 2374 1254 2441 tradituri

133 2473 272 2538 latemur
294 2495 332 2538 ea
346 2496 473 2558 quoque
488 2475 614 2541 illorum
629 2496 700 2539 esse
714 2474 868 2552 muneris,
891 2473 946 2558 qui
959 2473 1055 2559 primi
1069 2475 1138 2539 vias
1154 2499 1252 2560 quae·

132 2575 223 2639 rendi
246 2574 551 2652 demonstraverint3
581 2575 676 2640 modo
697 2598 739 2639 ne
760 2575 833 2658 quis
855 2574 1005 2660 desperet
1027 2577 1154 2642 saecula
1175 2599 1253 2662 pro-

131 2675 227 2742 ficere
243 2699 378 2762 semper.
410 2676 564 2743 Pluribus
579 2675 740 2740 decausis
755 2675 954 2741 haecomnia
969 2675 1133 2742 accidunt:
1149 2680 1253 2764 prima
1268 2699 1300 2744 aa

132 2849 195 2913 Cap.
208 2856 231 2901 8.
253 2849 267 2910 ἓ
289 2853 346 2902 887.
368 2859 394 2900 ot
413 2851 520 2902 Salmas.
541 2865 623 2899 exerc.
640 2865 665 2912 p.
680 2855 736 2899 530.
755 2865 778 2898 a.
795 2851 828 2900 Ι).
848 2890 880 2897 .-
898 2848 1034 2914 triquadro,
1046 2850 1075 2900 P.
1097 2890 1123 2898 -
1144 2852 1253 2912 statione,

131 2919 156 2968 R
167 2921 182 2967 ¹.
201 2959 233 2967 ..
243 2919 353 2980 faciunt,
371 2933 422 2968 om.
439 2920 468 2969 P.
488 2959 519 2967 -
537 2920 569 2979 in,
587 2933 637 2967 om.
659 2930 682 2966 σ.
702 2957 733 2966 ..
752 2917 867 2978 aduerso,
885 2918 937 2967 Pa.
961 2934 1056 2977 averso,
1074 2911 1167 2968 Rosa
1184 2916 1254 2979 (libri

132 2985 238 3037 Salmas.
256 3001 338 3036 exero.
357 3000 381 3050 p.
400 2991 457 3038 507.
473 3003 496 3036 a.
510 2983 555 3048 G.)
566 3000 591 3051 γ.
615 2984 747 3046 centrario,
759 2987 877 3036 Martiam
891 2985 954 3050 Cap.
968 2992 991 3037 8.
1010 2983 1024 3045 ἓ
1038 2990 1095 3036 887.
1124 2986 1183 3035 vid.
1197 2986 1253 3037 Sal·

38 3067 43 3072 ·
130 3069 193 3104 mas.
212 3095 244 3102 -
263 3053 403 3119 iterumque,
419 3049 592 3108 RTOPadr.
610 3056 718 3118 itemque,
735 3049 764 3115 β.
784 3096 815 3104 ..
834 3054 1141 3119 appropinquantes,PK.
1165 3071 1253 3118 appro-

128 3123 270 3186 pinquante,
282 3118 382 3183 Radss.

165 3189 233 3250 §so
251 3199 283 3250 ut,
297 3206 347 3239 om.
359 3191 388 3241 P.
403 3209 476 3256 „pr
511 3190 604 3251 ’ore,P.
624 3231 655 3240 ..
674 3193 762 3251 alla
781 3193 820 3251 ab,
833 3186 933 3254 Τᾶβγ.
953 3190 1084 3250 etab,Pr.
1105 3189 1162 3240 Om.
1176 3185 1205 3239 θ.
1221 3232 1253 3240 ..

130 3257 277 3307 LXXXX
293 3259 396 3310 Barbar.
414 3261 446 3310 R.
495 3259 591 3319 XXX,
604 3252 778 3308 RTOPadr.
797 3260 856 3308 Vid.
869 3259 987 3308 Martian.
999 3257 1061 3320 Cap.
1075 3264 1098 3308 8.
1110 3256 1132 3318 §-
1146 3265 1203 3310 884.
1219 3301 1250 3309 -

130 3335 217 3387 motus,
234 3295 357 3376 RiPar.
380 3330 503 3388 remotus,
521 3322 613 3391 ᾶσβγ.
638 3366 670 3374 ..
694 3334 859 3386 commoratur,
876 3328 905 3375 P.
931 3363 959 3373 ..
983 3322 1103 3388 alioquin,
1120 3328 1194 3378 Pda.
1221 3369 1252 3377 -

130 3392 273 3454 bimenstris,
284 3394 314 3444 P.
334 3436 365 3443 ..
384 3413 442 3456 cum,
453 3396 503 3445 Pd.
522 3404 613 3455 etcum,
625 3394 708 3444 RTa.
728 3434 759 3442 -
779 3402 891 3457 quatuor,
905 3393 936 3442 T.

164 3459 179 3520 ξ
192 3467 232 3510 61.
246 3461 392 3525 relictaeque
404 3480 433 3523 a,
450 3456 570 3515 STOdr.
594 3461 674 3513 relicte
691 3478 755 3524 quae
772 3477 797 3520 a,
809 3461 841 3509 R.
864 3461 961 3509 relictae
973 3475 1037 3522 quae
1049 3477 1073 3520 a,
1088 3459 1138 3509 Pa.
1158 3462 1252 3512 relicto-

131 3545 181 3591 que,
193 3524 245 3591 βγ.
264 3567 296 3576 ..
306 3528 418 3590 faciant,
430 3530 480 3579 Pa.
495 3571 525 3578 ..
544 3527 581 3579 ad
593 3546 659 3593 quos,
671 3528 801 3578 RTPad.
820 3536 898 3591 atque,
913 3520 941 3576 θ.
960 3536 1033 3591 atque
1044 3545 1068 3588 a,
1079 3523 1130 3592 βγ.
1151 3530 1192 3578 De
1204 3544 1252 3579 usu

129 3594 324 3659 praepositionis
346 3597 382 3647 ad
399 3599 448 3648 vid.
471 3600 504 3648 ad
524 3603 565 3659 32,
586 3603 624 3647 14.
648 3638 679 3646 -
703 3596 880 3658 longissimum,
901 3595 951 3644 Pa.
979 3593 1131 3660 longissimu,
1149 3598 1199 3647 R¹.
1222 3636 1249 3644 ..

129 3679 249 3725 occasum,
265 3677 289 3712 σ.
311 3681 377 3725 casu,
392 3666 422 3715 P.
447 3707 478 3715 ..
500 3683 608 3730 vespere>
624 3658 780 3715 RTOPaa
807 3665 911 3728 vesperi,
928 3658 957 3724 β.
982 3705 1014 3712 -
1037 3663 1079 3725 ad,
1096 3679 1145 3712 om.
1163 3664 1193 3712 P.
1220 3704 1251 3712 -

129 3731 201 3792 bisce,
214 3725 243 3781 θ.
262 3729 309 3793 bis,
321 3728 469 3797 RPadssr.
486 3774 510 3782 ..
528 3742 556 3794 et,
568 3735 620 3784 Ra.
640 3734 718 3794 etiam
728 3734 779 3782 Td.
799 3732 887 3783 Omitt.
899 3725 1001 3781 θΡΚτ.
1021 3771 1053 3780 ..
1071 3749 1096 3792 a,
1111 3745 1161 3779 om.
1174 3731 1204 3780 P.
1219 3771 1249 3780 ..

129 3799 317 3859 stationes,Pa.
346 3800 477 3862 stationem,
494 3801 577 3850 RTd.
596 3842 627 3849 -
652 3799 1081 3860 breviore,1t²uarevtort,1t¹1’.
1109 3798 1250 3861 breviorem,

130 3865 182 3913 Td.
203 3906 233 3913 -
250 3868 355 3929 possint,
367 3862 512 3917 RPOaar.
528 3868 617 3931 possit,
628 3863 657 3929 β.

163 3930 233 3991 §62
249 3933 398 3997 perplerior,
410 3928 541 3984 RTOad.
558 3935 712 3998 perpleriori,
724 3935 752 3984 P.
774 3934 934 3998 perplectere,
945 3928 975 3994 β.
995 3973 1026 3981 ..
1045 3942 1128 3994 motus,
1141 3950 1164 3983 a.
1184 3935 1250 3997 moti,

129 4000 178 4049 R'.
199 4041 229 4048 .-
248 4007 341 4060 mutent,
353 4002 384 4051 R.
405 4041 436 4048 ..
454 3998 560 4062 eaedem,
572 4003 638 4051 Rad
650 3998 781 4064 (Robert.)
799 3999 885 4061 eedem,
897 4003 927 4052 P.
945 3999 1038 4062 eadem,
1052 3995 1080 4049 θ.
1100 4041 1131 4050 -
1151 4012 1250 4068 septem-

129 4069 226 4130 triones,
240 4068 292 4117 Td.
314 4107 342 4115 -
363 4067 437 4128 baud,
454 4069 484 4117 P.
504 4108 534 4115 -
553 4068 623 4118 aliter
643 4083 711 4132 pons
731 4069 827 4132 primes
851 4069 963 4117 collocat
979 4069 1008 4118 P.
1033 4109 1064 4118 ..
1083 4086 1152 4133 quoe,
1168 4071 1198 4120 P.
1218 4113 1249 4122 -

129 4153 213 4201 eaque,
230 4137 259 4186 P.
280 4176 310 4183 -
330 4134 385 4184 vias
402 4135 540 4199 quaerendi,
556 4136 630 4186 Rad.
655 4134 786 4199 quaerendi
801 4137 862 4198 vias,
876 4132 953 4200 Pfir.
975 4177 1002 4186 -
1024 4134 1249 4203 demonstraverint,

129 4199 260 4264 areat.
280 4202 512 4266 demonstraverunt,
524 4197 579 4264 Ρβ.
