2888 4794
141 240 203 305 314
490 238 693 308 utrumuis
716 260 912 311 msrouma

138 406 244 496 Regio
273 409 397 494 aprina,
431 409 518 479 felici
547 409 715 495 temperie,
746 411 833 476 omni
863 410 985 476 adflatu
1012 412 1109 478 noxio
1135 418 1269 480 carens.

138 507 265 575 Domus
290 509 332 574 iis
359 532 489 575 nemora
509 511 637 595 lucique
659 522 691 577 et
712 513 845 579 deorum
872 513 977 577 cultus
998 513 1118 578 viritim
1139 538 1265 604 grega-

138 608 270 694 timque,
292 610 452 675 diseordia
471 610 584 699 ignota
605 623 637 678 et
659 613 827 700 aegritudo
848 614 962 678 omnis.
997 612 1090 678 Mors
1111 637 1177 680 non
1197 616 1265 681 nisi
1282 637 1317 680 eo

138 711 285 775 sntiemte
312 711 412 789 vitae,
440 713 578 797 epulatis
604 711 811 796 delibutoque
840 714 928 778 senio
954 715 1050 791 luxu,
1078 737 1098 779 e
1120 716 1266 798 quadam

136 833 219 896 rupe
238 810 274 874 in
294 833 382 877 mere
404 812 596 878 salientium.
618 813 693 878 Hoe
711 836 815 901 genus
830 815 1016 900 sepulturae
1028 813 1265 883 beatissimum.

137 908 280 999 Quidam
302 933 357 977 eos
377 913 411 977 in
431 913 535 999 prima
562 923 655 999 parte
676 913 775 979 Asiae
802 915 933 979 litorum
957 937 1107 999 posuere,
1135 939 1203 983 non
1228 919 1266 983 in

135 1010 277 1098 Europa,
301 1013 377 1096 quia
398 1025 474 1080 sunt.
491 1014 537 1081 ibi
552 1015 758 1081 similitudine
774 1026 807 1080 et
821 1016 902 1081 situs
916 1015 1107 1082 Attacorum
1120 1018 1263 1084 nomine.

134 1113 203 1181 Alii
228 1114 352 1180 medios
378 1115 484 1180 fenera
514 1139 569 1181 eos
600 1116 685 1183 inter
710 1128 882 1202 utrumque
910 1117 1024 1195 solem,
1054 1117 1265 1205 Antipodum

135 1238 269 1282 oeousus
292 1217 551 1303 exorientemque
573 1229 727 1297 nostrum,
757 1219 844 1303 quod
864 1219 934 1285 fieri
959 1219 1164 1287 nullomodo
1186 1232 1263 1306 pot-

136 1327 196 1396 est,
220 1329 285 1382 tam
306 1328 397 1384 vasto
419 1320 499 1384 mari
520 1320 763 1386 interveniente.
790 1319 859 1402 Qui
879 1321 957 1387 alibi
978 1344 1076 1406 quam
1095 1321 1131 1386 in
1153 1344 1263 1388 seme-

135 1418 193 1483 stri
218 1419 291 1485 luoe
312 1420 507 1485 constituere
535 1443 601 1499 eos,
632 1406 738 1486 serere
766 1421 943 1500 matutinis,
970 1422 1104 1487 meridie
1125 1433 1264 1502 metere,

134 1519 300 1585 oeeidente
322 1521 408 1586 letus
427 1521 580 1587 arborum
602 1522 784 1607 decerpere,
807 1523 956 1589 noctibus
977 1524 1012 1589 in
1033 1546 1150 1608 specus
1164 1526 1266 1593 condi

135 1620 344 1687 tradiderunt.
379 1620 452 1688 Nee
478 1622 555 1688 lieet
581 1622 729 1688 dubitare
753 1624 796 1688 de
824 1635 923 1711 gente
949 1647 1005 1700 ea3
1039 1635 1086 1689 tot
1112 1636 1265 1693 euotores
1279 1648 1310 1691 91

133 1721 277 1808 produnt
297 1723 429 1812 frugum
442 1724 600 1809 primitias
616 1724 725 1791 solitos
739 1724 847 1791 Delon
861 1726 988 1790 mittere
1002 1726 1146 1813 Apollini
1161 1750 1264 1812 quem

133 1824 308 1912 praecipue
338 1825 455 1889 uolunt.
477 1823 632 1912 Virgines
659 1826 809 1890 ferebant
838 1848 909 1904 eas,
937 1826 1084 1917 hospitiis
1111 1830 1265 1916 gentium

134 1946 315 2012 perennes
335 1925 457 2010 aliquot
479 1925 688 2005 venerabiles,
711 1926 812 1992 donee
834 1927 952 1993 violata
966 1928 1030 1993 fide
1044 1929 1078 1993 in
1092 1931 1264 2015 proxumis

134 2025 320 2093 ndnohrum
340 2026 459 2092 finibus
480 2027 642 2112 deponere
664 2049 755 2092 suero
776 2049 815 2091 eu
829 2027 997 2094 instituere
1010 2029 1110 2114 hique
1124 2030 1167 2095 ad
1181 2052 1263 2096 oon·

135 2129 287 2193 terminos
309 2129 446 2206 deferre,
469 2139 567 2221 atque
588 2129 634 2193 ita
646 2128 753 2195 Delon
774 2151 896 2213 usque;
918 2152 994 2194 mox
1015 2140 1049 2195 et
1068 2130 1131 2196 hoo
1151 2131 1265 2217 ipsum

63 2228 69 2235 “
135 2228 285 2294 exolevit.
323 2225 513 2306 Sarmatiae,
543 2223 707 2312 Scythiae,
737 2228 895 2293 Tauricae
923 2229 1092 2314 omnisque
1113 2252 1132 2294 a
1152 2229 1263 2316 Bory-

135 2331 247 2396 sthene
261 2352 354 2394 amne
370 2339 489 2394 tractus
503 2329 671 2418 longitudo
685 2348 876 2395 neeecnxxx
888 2352 923 2408 u,
938 2330 1074 2396 latitudo
1088 2351 1223 2396 neexvn
1236 2355 1265 2398 u

134 2455 155 2497 a
167 2430 217 2496 M
231 2430 383 2517 Agrippa
398 2429 515 2495 tradita
529 2441 587 2503 est.
609 2429 684 2518 Ego
698 2428 854 2497 incertam
868 2431 902 2495 in
918 2431 980 2497 hae
997 2442 1153 2497 terrarum
1166 2438 1263 2521 parte

135 2553 318 2600 mensuram
340 2532 486 2598 arbitror.

161 2740 251 2809 salici«
263 2739 462 2807 armemini,
474 2738 571 2802 Rigalt.
583 2753 624 2802 ep.
636 2738 743 2790 Salmas.
756 2752 838 2788 exere.
850 2752 875 2801 p.
889 2743 946 2788 146.
958 2739 983 2789 b.
994 2739 1028 2789 D.
1042 2776 1073 2787 ..
1083 2738 1163 2803 flatu,
1179 2732 1209 2790 θ.
1227 2780 1263 2791 ...

132 2811 221 2863 domu
232 2826 328 2871 carena,
340 2812 365 2860 d.
383 2849 415 2858 ..
433 2807 478 2869 his,
490 2808 523 2857 R.
542 2847 574 2856 ..
594 2805 711 2873 propetis,
722 2806 768 2856 at
787 2846 819 2855 ..
837 2805 927 2868 duur,
938 2807 984 2856 Et
1003 2803 1210 2868 dommuli&
1227 2847 1262 2859 ..

141 2881 147 2891 “
177 2887 233 2930 otae
254 2880 287 2930 R.
505 2907 507 2909 ·

135 2895 241 3008 &2⁹⁰3
255 2945 370 3004 nunciati,
381 2945 414 2994 R.
433 2983 465 2992 ..
484 2939 638 3004 delihutoque,
654 2936 734 2991 θΤᾱ.
751 2940 907 3004 dilibutoque,
918 2941 981 2992 Rs.
1000 2938 1168 3005 utilitatisque,
1180 2938 1212 3004 β.
1226 2982 1260 2994 -

105 3064 112 3072 ,
135 3013 213 3077 aenio,
224 3008 337 3063 Rern
356 3012 417 3070 seni,
428 3011 463 3060 A.
481 3009 585 3069 sentius,
597 3005 625 3071 β.
645 3050 676 3058 -
696 3024 716 3072 e,
728 3010 753 3060 R
765 3005 859 3071 (Rob.)
877 3026 915 3070 ae,
926 3010 960 3059 A.
978 3024 1017 3069 er,
1029 3004 1101 3073 dssr.
1119 3049 1151 3058 ..
1168 3009 1264 3060 eniien-

136 3080 348 3143 tinomao
362 3075 456 3140 (Rob.)
472 3075 624 3138 salientibus,
634 3073 686 3141 βγ.
705 3118 737 3126 ..
755 3075 829 3137 Asia,
845 3077 877 3127 R.
896 3117 928 3127 ..
946 3074 1015 3140 quia,
1027 3076 1094 3126 Pin.
1117 3076 1264 3128 eorumne

135 3149 214 3199 Paris.
233 3150 316 3197 codex
331 3148 400 3209 apud
410 3145 490 3196 Hand.
507 3145 557 3208 qui,
568 3144 647 3195 RAd
655 3141 749 3206 (Rob.)
757 3139 787 3206 β,
799 3146 875 3207 quod,
887 3159 1042 3207 quemquem
1053 3144 1147 3204 durius,
1159 3144 1264 3195 defendi

136 3223 229 3280 potest,
240 3216 263 3264 si
273 3229 340 3278 pone
352 3213 447 3263 omnine
458 3215 541 3262 denno
554 3221 610 3263 sunt
619 3213 747 3276 repetitur.
761 3251 793 3262 -.
805 3209 971 3273 similitudine,
980 3211 1043 3263 BA.
1060 3219 1083 3261 et
1090 3209 1264 3274 similitudine,

136 3285 160 3332 d.
177 3281 253 3333 simili
264 3280 521 3341 consuetudinum.
533 3295 558 3345 γ.
577 3279 654 3331 sinuli
662 3277 816 3340 habitudine,
829 3279 936 3331 Salmas.
948 3293 1031 3328 exere.
1043 3295 1068 3342 p.
1083 3285 1139 3329 145.
1147 3281 1173 3331 b.
1183 3277 1264 3330 G..-

136 3348 206 3412 sinin
218 3351 298 3401 B2A.
316 3348 407 3411 situus,
418 3350 444 3399 B
454 3350 468 3397 ¹.
487 3350 545 3410 situ,
557 3351 574 3399 d
585 3346 647 3410 (vid.
660 3345 738 3410 infru)
751 3348 817 3398 Rob.
829 3343 880 3411 stt·
902 3348 1040 3398 Attacoros
1052 3347 1114 3396 dieit
1124 3347 1193 3397 Prin.
1205 3346 1265 3410 Hy·

136 3419 264 3483 perhoreis
276 3418 370 3468 similes
383 3432 437 3468 esse
445 3432 499 3466 non
512 3420 590 3468 modo
601 3417 702 3467 vivendi
713 3417 819 3476 ratione,
836 3417 881 3465 sed
892 3423 918 3464 et
928 3416 992 3475 situ3
1008 3414 1086 3465 situm
1092 3428 1153 3463 vero
1161 3421 1264 3464 utrum-

136 3502 185 3552 qne
200 3502 288 3551 parem
304 3486 382 3536 fuisse
398 3487 492 3535 docent
508 3487 579 3550 paria
594 3484 647 3535 iere
668 3486 745 3534 verbu
761 3480 797 3545 (6,
811 3480 873 3545 55.),
894 3491 919 3532 et
934 3483 1030 3532 viemm
1041 3482 1155 3543 utrisque
1172 3495 1265 3544 parem

136 3556 258 3605 tributum
275 3569 337 3617 esse,
355 3554 476 3616 colligere
492 3569 628 3617 possumus
646 3553 712 3612 inde,
732 3555 802 3614 quod
812 3551 940 3601 Plininsh
955 3551 973 3599 1.
986 3552 1018 3600 de
1032 3550 1147 3612 uti-isque
1157 3549 1266 3613 populis

136 3624 274 3686 singularia
289 3623 440 3685 scriptorum
455 3621 587 3671 volumina
603 3627 704 3670 exstare
720 3619 792 3679 dicit,
809 3620 880 3680 qnod
891 3625 958 3668 certe
968 3633 1023 3668 non
1038 3616 1151 3678 fecisset,
1167 3617 1219 3667 nisi
1230 3619 1265 3666 de

136 3692 248 3755 utrisque
260 3691 371 3755 populis,
388 3689 479 3752 quibus
495 3688 635 3739 similitudo
647 3688 711 3737 situs
722 3687 884 3747 tribuebatur,
902 3687 953 3735 ulia
969 3686 1046 3734 etiam
1057 3684 1151 3735 similis
1165 3684 1266 3736 abillis

136 3755 601 3887 mimihilt}
615 3747 1266 3898 litttddttsthlpdttttd

137 3895 191 3945 eius
202 3895 342 3958 archetypo
354 3894 431 3943 situus
443 3891 565 3954 seriptum
575 3889 655 3941 fuisse
666 3891 704 3941 uti
715 3891 743 3940 in
753 3891 778 3941 R
789 3892 803 3939 ¹.
821 3888 935 3949 zituron,
946 3889 1015 3939 Pint
1034 3927 1066 3936 ...
1084 3887 1170 3946 solum,
1181 3887 1214 3936 R.
1231 3926 1266 3936 ...

138 3976 248 4022 oremus,
259 3962 344 4013 ΒΜ
362 3953 664 4022 memorentur.-
678 3959 704 4008 in
715 3957 920 4021 exorientemque,
932 3969 956 4004 o.
974 3955 1140 4019 omnemque,
1151 3953 1220 4003 Rob.
1231 3994 1266 4003 ..

138 4028 277 4092 quodfieri,
288 4031 335 4079 Bd
347 4023 440 4089 (Rob.)
463 4041 536 4090 quae,
548 4027 582 4077 A.
602 4067 633 4076 -
654 4023 710 4089 Qui,
721 4026 778 4077 BA
786 4018 900 4077 Osrur
912 4020 1004 4085 (Rob.)
1030 4021 1081 4080 Qui
1093 4038 1147 4102 non,
1159 4015 1211 4085 βγ.
1231 4061 1265 4070 ...

137 4097 270 4158 ueremni,
282 4099 316 4147 A.
336 4138 367 4145 ..
386 4103 474 4144 metere
490 4094 597 4156 meridie,
615 4097 638 4145 d,
658 4136 689 4144 -
708 4092 836 4154 occidente,
853 4091 931 4143 BAd
948 4088 1042 4153 (Rob.)
1070 4087 1195 4141 occidente
1206 4089 1266 4150 sole,

138 4157 189 4227 βγ.
210 4203 240 4212 ..
259 4179 345 4228 specus
356 4162 434 4224 condi,
449 4163 494 4213 Ad
506 4158 599 4225 (Rob.)
617 4177 682 4228 apen,
694 4164 742 4214 1³¹.
761 4176 857 4227 meus,
869 4161 917 4211 3².
