2888 4794
607 303 797 349 rumulo.
1210 310 1246 350 1x
1326 320 1336 335 ·

126 468 194 526 act,·
216 453 247 530 2,
267 453 319 518 39.
339 476 393 534 pro
413 456 535 534 vulgato
556 456 648 517 AUT
665 460 711 520 VI
727 460 815 518 habet
826 469 877 519 out
891 461 1006 520 duabus
1020 461 1126 519 litteris
1139 479 1192 538 per
1207 463 1248 521 si·

126 569 318 629 militudinem
337 568 468 639 omissis3
489 564 519 641 2,
535 563 587 628 82.
601 587 656 644 pro
670 569 793 645 vulgato
811 570 865 630 OE
870 570 900 629 U
908 572 998 629 hebet
1011 573 1084 630 coeli
1096 579 1194 630 ortum
1207 588 1247 629 ex

49 672 53 690 ²
126 682 195 747 ests.
217 675 248 751 2,
270 674 342 738 173.
364 698 418 755 pro
437 678 560 755 vulgato
584 679 643 737 ur
661 679 846 739 caurum
860 679 950 739 leuet
967 682 1110 748 scaea·
1125 677 1157 752 t,
1172 675 1246 740 202.
1322 656 1327 665 '

59 798 65 809 ’
126 808 181 866 pro
205 791 259 848 UL
265 787 345 848 TRA
366 789 455 848 habet
472 791 562 855 vitra·
584 784 614 860 2,
630 784 703 847 222.
718 808 773 865 pro
787 788 909 866 vulgato
929 789 996 850 VIS
1007 787 1142 849 IGNEA
1156 791 1248 848 habet

127 909 159 957 ut
178 901 275 974 sipneo
283 922 293 966 ‚·
312 895 374 970 36.
387 896 438 959 72.
459 916 513 974 pro
527 898 649 973 vulgato
663 897 741 958 Novi
753 917 821 958 cum
835 897 866 957 V
880 900 969 958 babet
982 917 1038 957 nou
1049 879 1091 957 ⁴L.
1111 898 1247 957 Accura·

125 998 235 1066 tisffime
246 1017 294 1067 est
308 1009 471 1086 descriptus
485 1014 516 1065 et
529 1007 655 1067 collatus
670 1027 736 1067 cum
751 1010 875 1068 editione
889 1008 1014 1069 Broterii
1027 1026 1046 1066 a
1059 1006 1248 1075 Ludorico

125 1119 170 1176 de
187 1119 254 1177 Ian
276 1112 322 1199 (v.
341 1119 430 1176 buius
450 1119 610 1178 observatt.
631 1119 706 1178 critt.
725 1120 757 1177 in
777 1116 868 1178 Plinii
881 1118 1011 1178 natural.
1026 1118 1130 1177 histor.
1144 1136 1176 1195 p.
1190 1113 1248 1194 4.),

126 1236 193 1286 ante
212 1246 300 1302 quem
318 1229 414 1288 virum
433 1229 635 1289 doctissimum
657 1229 717 1287 ium
730 1229 885 1306 aliquoties
899 1229 960 1287 eius
974 1229 1083 1287 mentio
1096 1229 1207 1286 inserte
1219 1233 1251 1286 et

126 1338 238 1412 aliquot
251 1338 387 1397 lectiones
401 1348 555 1416 excerptae
569 1340 696 1413 fuerant,
711 1341 755 1398 uti
769 1359 788 1398 a
801 1339 901 1398 Turre
915 1340 952 1397 de
965 1338 1128 1396 Rezzonico
1141 1336 1171 1396 in
1185 1337 1249 1395 dis·

127 1447 237 1522 quisitt.
255 1445 397 1506 Plinianis
415 1450 458 1508 H.
478 1469 508 1527 p.
532 1445 616 1522 246.
636 1469 655 1508 a
673 1447 816 1509 Baudinio
833 1460 863 1509 et
877 1449 976 1525 Zoege
988 1449 1020 1506 in
1035 1448 1172 1524 operibus
1187 1446 1250 1506 suis

46 1578 51 1599 ²
125 1556 162 1614 de
186 1557 331 1629 obeliscis,
357 1574 376 1614 a
400 1556 572 1619 Thierschio
602 1559 633 1617 in
659 1561 826 1619 Kunstblott
853 1580 919 1619 zum
944 1560 1136 1635 Morpeoblutt
1155 1536 1261 1618 1827!

125 1685 172 1724 nr.
193 1662 255 1739 22.,
276 1686 295 1724 a
312 1666 428 1726 Frider.
443 1665 565 1727 Osanno
578 1669 608 1727 in
623 1669 725 1728 eodem
739 1670 832 1728 diario
847 1664 940 1729 1831.
956 1688 1001 1726 nr.
1017 1663 1155 1728 lto-70.
1170 1668 1251 1727 etde

125 1776 226 1834 tabula
246 1783 421 1852 patronatus
440 1777 548 1837 Latina
567 1799 598 1855 p.
614 1775 665 1838 22.
689 1777 826 1838 Ceterum
840 1780 915 1838 liber
927 1797 1038 1854 magna
1050 1796 1090 1836 ex
1103 1786 1189 1856 perte
1202 1786 1251 1838 est
1327 1752 1338 1768 ⁸

125 1885 257 1956 mutilus,
279 1894 314 1944 ut
335 1888 385 1961 qui
402 1907 461 1946 non
482 1888 588 1946 habeat
605 1884 655 1947 12.
671 1892 686 1956 5
702 1883 872 1960 57-102.,
889 1883 939 1946 13.
955 1892 971 1956 5
985 1885 1037 1947 89.
1052 1904 1147 1960 usqua
1161 1887 1200 1945 ad
1213 1888 1251 1945 u-

125 2013 193 2051 nem
211 1995 277 2053 libri
296 1997 440 2070 vigesimi,
456 1992 507 2054 22.
523 1999 538 2065 5
555 1989 712 2055 145-25.
735 1991 829 2066 530„
851 2013 910 2070 quo
926 1996 991 2071 ipso
1009 1995 1042 2053 in
1059 1995 1136 2056 bbro
1154 1997 1252 2056 denuo

124 2103 295 2163 exciderunt
309 2108 340 2175 55
351 2101 488 2165 37-42.
506 2105 586 2164 Tum
597 2105 798 2165 desiderantur
808 2100 860 2165 26.
873 2109 888 2175 5
901 2100 1058 2164 132..st
1071 2109 1086 2175 5
1098 2101 1149 2164 19.
1161 2114 1191 2165 et
1199 2101 1251 2166 35.

126 2217 141 2283 5
158 2209 335 2274 191..196.
356 2223 385 2274 et
405 2216 510 2274 desinit
527 2217 565 2295 in,
578 2217 674 2276 verbis
694 2220 797 2277 medici
812 2227 905 2277 autem
919 2237 954 2275 ce
969 2219 1094 2276 basanite
1109 2212 1161 2289 36,
1178 2213 1252 2277 157.

126 2323 253 2382 Tantam
272 2343 343 2383 vero
362 2326 449 2385 huius
466 2327 574 2386 codicis
588 2335 701 2404 partam
715 2328 837 2404 periisse
851 2347 886 2387 eo
900 2328 993 2404 magis
1007 2328 1176 2400 dolendum,
1192 2342 1252 2403 quo

124 2435 237 2492 maiore
255 2435 320 2493 iure
341 2453 409 2494 eum
428 2438 544 2513 optimis
564 2437 647 2496 libris
663 2438 915 2497 adnumerandum
929 2456 994 2496 esse
1008 2455 1108 2496 omnes
1123 2455 1251 2496 consen-

125 2544 211 2603 tiunt.
234 2544 369 2604 Eundem
382 2548 472 2606 babet
485 2547 596 2607 iontem
611 2566 698 2622 quem
711 2547 890 2620 Vossianus3
912 2549 944 2607 id
971 2542 1253 2606 demonstrantem

123 2653 290 2714 innumerae
324 2656 482 2716 varietates
502 2658 663 2743 scripturae
679 2660 813 2733 utrisque
829 2676 1008 2730 communes,
1026 2675 1085 2732 quo
1102 2657 1255 2717 referenda

124 2763 177 2822 illa
200 2765 387 2842 interpolatio
412 2769 531 2825 clemens
556 2760 716 2836 33,145.,
740 2773 803 2823 tum
821 2766 1005 2841 repetitiones
1028 2766 1096 2823 libri
1114 2764 1255 2839 trigesimi

123 2874 220 2948 primi,
243 2875 374 2945 secundi,
394 2874 474 2932 tertii
494 2874 524 2931 in
541 2874 594 2932 illo
614 2874 711 2933 codice
731 2882 860 2947 notatae,
882 2892 955 2948 quas
973 2875 1003 2932 in
1019 2873 1116 2934 codice
1129 2871 1252 2933 Riccar-

124 2983 212 3039 diano
234 2981 332 3040 littera
354 2975 379 3039 Ω
401 2984 573 3060 significavi.
596 2981 656 3043 Sed
670 2985 729 3043 alia
742 3002 859 3059 quoque
872 2983 1053 3062 perturbatio
1068 2983 1207 3043 foliorum
1220 2984 1253 3042 in

125 3090 223 3149 codice
244 3092 273 3150 R
291 3100 399 3165 exstet,
420 3113 488 3153 cum
509 3095 599 3154 verbo
617 3085 856 3171 duocimolfndri
871 3095 969 3154 media
988 3095 1102 3152 inserta
1115 3095 1253 3170 legentur

125 3217 200 3275 quae
214 3203 400 3262 continentur
414 3201 445 3262 4.
461 3207 480 3274 5
492 3200 607 3265 67-5.
623 3208 638 3275 5
652 3201 703 3264 34.
734 3203 809 3264 Orta
822 3214 867 3263 est
880 3205 956 3263 baec
969 3205 1057 3263 etiam
1071 3206 1160 3263 turba
1173 3222 1190 3261 e
1203 3204 1251 3263 io·

124 3309 171 3369 liis
197 3313 304 3373 codicis
325 3314 476 3391 archetypi
496 3316 574 3373 male
594 3315 702 3392 ligetis.
730 3313 868 3373 Ceterum
886 3315 1025 3373 librarius
1044 3314 1151 3374 codicis
1170 3313 1200 3371 R
1218 3314 1250 3371 in

124 3420 201 3481 vitiis
222 3424 383 3501 scripturae
397 3425 513 3501 turpius
528 3426 613 3483 etiam
628 3423 730 3500 lapsus
745 3432 799 3496 est,
824 3441 912 3498 quam
927 3425 977 3499 qui
991 3426 1120 3484 codicem
1134 3423 1166 3481 V
1180 3441 1250 3482 exa·

123 3533 217 3604 ravit3
237 3552 297 3609 qua
316 3523 549 3611 re'deprehensa
568 3536 632 3612 ipsc
650 3534 791 3592 librarius
813 3533 980 3610 exemplum
1001 3552 1088 3594 suum
1102 3536 1199 3593 denuo
1212 3533 1251 3591 ad

124 3642 316 3726 archetypum
335 3646 433 3722 exegit
451 3653 480 3704 et
493 3646 638 3704 veriorem
652 3645 827 3720 plerumque
847 3645 936 3704 buius
951 3645 1127 3722 scripturam
1141 3643 1186 3700 illi
1201 3658 1250 3700 su·

123 3754 301 3830 prescripsit,
317 3757 424 3830 quibus
439 3756 665 3815 correctionibus
679 3756 788 3814 addidit
801 3755 941 3814 lectiones
952 3753 1109 3813 nonnullas
1123 3753 1154 3810 in
1169 3751 1250 3810 codi-

124 3862 165 3921 cis
178 3863 330 3942 archetypi
343 3866 525 3940 marginibus
545 3868 692 3939 inventas,
712 3867 819 3941 quibus
837 3866 964 3924 lectores
986 3863 1032 3920 sui
1052 3860 1118 3919 libri
1131 3860 1250 3920 defrau-

124 3971 196 4029 dare
210 3971 315 4030 noluit.
330 3971 423 4031 Cuius
439 3976 595 4047 secundae,
611 3976 664 4033 sed
680 3976 812 4034 eiusdem
826 3975 936 4033 veteris
950 3989 1056 4030 munus
1069 3974 1250 4048 praestantia

125 4080 227 4140 multis
241 4081 312 4140 locis
326 4085 481 4159 perspicue
497 4084 636 4155 cernitur,
652 4084 736 4142 nullo
757 4084 863 4142 clarius
878 4100 968 4158 quam
988 4079 1019 4156 2,
1043 4080 1127 4156 180„
1146 4085 1197 4143 ubi
1212 4100 1249 4143 ea

126 4192 191 4251 sola
210 4210 311 4252 veram
331 4192 421 4252 Plinii
439 4198 558 4252 menum
577 4193 710 4254 Arietem
730 4193 874 4267 servavit,
902 4212 1081 4273 quamquem
1099 4194 1248 4254 interdum
