2888 4794
435 308 505 365 ma.
522 308 555 353 v.
585 307 662 354 aar.
680 309 726 354 vr.
743 306 804 355 v11.
833 305 930 355 sacr.
947 310 966 353 a
981 310 999 353 r.
1215 291 1276 355 349

150 485 208 530 nes
244 460 480 551 diligentissimi
516 460 702 527 existumati
737 461 777 527 ab
814 483 932 527 oceano
968 460 1011 525 ad
1045 457 1276 549 Carthaginem

150 588 300 654 magnam
327 568 357 624 ῖι
383 588 408 629 Μ
434 585 604 651 passuum,
632 562 673 628 ab
700 585 739 629 ea
768 559 966 649 Canopicum
992 561 1058 630 Nili
1084 584 1278 649 proxumum

150 668 267 732 ostium
288 670 347 726 ῑνῖ.
361 683 452 725 xxvnr
474 687 499 728 Μ
519 687 552 751 p.
580 664 743 743 fecerunt,
771 663 915 732 Isidorus
943 688 962 729 a
988 662 1086 752 Tingi
1109 664 1277 752 Canopum

149 773 242 830 ῖιᾱῖ
256 787 325 828 xc1x
345 790 370 830 Μ
391 788 435 852 p.,
458 765 685 832 Artemidorus
708 789 748 830 xa
769 789 794 830 Μ
814 766 920 831 minus
943 788 1039 850 quam
1060 765 1214 831 Isidorus.

192 866 269 932 VII.
305 870 334 932 7.
358 865 486 934 Insulas
507 889 571 932 non
591 867 637 932 ita
657 867 776 933 multas
800 868 1046 954 conplectuntur
1066 867 1147 932 haec
1167 867 1276 932 maria.
1291 898 1321 943 41

153 965 343 1034 Clarissima
365 978 417 1033 est
431 965 569 1033 Meninx
590 966 792 1054 longitudine
813 991 881 1033 xxv
901 993 926 1033 Μ
946 991 991 1055 p.,
1013 968 1279 1049 latitudinem,

151 1069 192 1135 ab
215 1068 429 1135 Eratosthene
450 1066 682 1156 Lotophagitis
709 1069 879 1155 appellata.
918 1067 1051 1156 Oppida
1076 1068 1174 1136 habet
1202 1070 1277 1150 duo,

150 1169 341 1260 Meningem
362 1171 403 1236 ab
424 1169 558 1236 Africae
579 1169 679 1236 latere
709 1181 741 1237 et
762 1171 862 1238 altero
884 1169 997 1252 Troar,
1027 1173 1099 1259 ipsa
1120 1197 1139 1238 a
1167 1173 1280 1238 dextro

152 1271 260 1357 Syrtis
281 1272 414 1339 minoris
435 1273 653 1361 promontorio
674 1273 823 1359 passibus
845 1296 892 1337 no
915 1273 985 1340 sita.
1022 1274 1077 1342 Ab
1100 1297 1138 1340 ea
1160 1296 1178 1339 c
1200 1299 1225 1339 Μ
1245 1299 1279 1362 p.

154 1386 265 1440 contra
291 1376 416 1442 laevom
449 1372 588 1441 Cercina
614 1398 688 1441 cum
719 1374 800 1442 urbe
827 1375 973 1442 eiusdem
1005 1378 1142 1443 nominis
1166 1377 1278 1458 libera,

149 1476 248 1565 longa
270 1501 340 1542 xxv
361 1500 386 1540 Μ
407 1501 452 1564 p.,
481 1477 547 1542 lata
574 1476 741 1543 dimidium
768 1477 848 1557 eius,
877 1476 933 1544 ubi
960 1479 1161 1565 plurumum,
1191 1479 1280 1562 atin

150 1589 294 1644 extremo
315 1601 380 1644 non
401 1578 476 1663 plus
497 1601 520 1642 v
541 1601 566 1641 Μ
586 1600 642 1662 μς
662 1578 738 1645 huic
759 1601 928 1663 perparva,
953 1576 1182 1668 Carthaginem
1205 1604 1278 1649 var-

55 1714 57 1719 ·
151 1701 217 1757 sus,
243 1677 414 1743 Cercinitis
435 1687 533 1763 ponte
559 1676 712 1763 iungitur.
736 1676 792 1742 Ab
806 1677 856 1741 his
870 1700 890 1741 a
903 1702 928 1742 Μ
950 1678 1018 1745 fere
1039 1703 1072 1767 p.
1093 1679 1279 1769 Lopadusa,
1292 1712 1325 1756 42

149 1781 246 1865 longa
266 1802 302 1842 v1
322 1802 347 1842 Μ
368 1802 401 1863 p.
443 1776 525 1842 Mox
546 1774 669 1842 Gaulos
696 1787 730 1842 et
751 1775 879 1858 Galata,
909 1779 1001 1845 cuius
1029 1792 1116 1847 terra
1137 1785 1280 1870 scorpio·

150 1905 208 1948 nes
220 1882 326 1945 dirum
341 1879 458 1945 animal
471 1879 605 1945 Asn'cae
619 1890 713 1945 necat
718 1905 727 1958 ;
752 1879 904 1946 dicuntur
927 1893 960 1948 et
977 1882 1011 1948 in
1024 1881 1150 1972 Clypea
1167 1887 1277 1966 emori,

153 1983 246 2049 cuius
268 2005 310 2048 ex
332 1982 467 2048 adverso
490 1979 615 2066 Cosyra
637 2003 711 2047 cum
732 1981 860 2068 oppido.
902 1982 951 2048 At
973 1996 1083 2051 contra
1107 1986 1280 2076 Carthagi-

152 2084 203 2150 nis
219 2085 326 2150 sinum
341 2082 649 2170 duaeAegimu'roe3
673 2103 745 2147 arae
768 2092 887 2161 autem,
911 2087 1033 2171 scopuli
1054 2088 1162 2153 verius
1184 2111 1280 2174 quam

151 2186 287 2264 insulae,
310 2184 394 2250 inter
413 2181 557 2249 Siciliam
577 2205 726 2249 maxume
748 2193 780 2249 et
802 2178 994 2252 Sardiniam.
1023 2187 1184 2256 Auctores
1206 2204 1280 2259 sunt

152 2297 184 2352 et
205 2283 263 2350 has
285 2284 450 2370 quondam
470 2283 629 2349 habitatas
651 2281 844 2350 subsedisse.

152 2414 260 2507 sartae,
276 2459 301 2509 p.
323 2449 379 2494 los.
393 2443 491 2495 Barnh.
513 2484 546 2493 -
569 2439 769 2508 Lothopioqr‘tcs,
781 2445 826 2496 Ra
837 2445 874 2496 ¹d.
893 2475 928 2496 --
949 2444 1090 2517 Mesiaqco,
1103 2452 1155 2504 aa
1174 2451 1278 2506 Manio-

151 2528 206 2576 ραι,
218 2514 242 2563 d.
261 2553 294 2562 ..
317 2512 406 2573 Troar,
418 2512 499 2564 RTd.
522 2510 619 2572 Troiur,
631 2527 654 2561 a.
676 2508 780 2573 noar,
792 2529 812 2562 r.
834 2510 936 2578 naar,
947 2516 1053 2568 Barbar.
1069 2517 1198 2584 Τῆοαηβ
1220 2560 1227 2574 .
1245 2563 1278 2573 .-

151 2577 220 2642 MD,
231 2580 360 2632 Barac.
383 2577 431 2642 00,
443 2574 495 2640 hst.
509 2619 541 2627 ..
556 2575 582 2627 Ο.
591 2595 660 2642 pass.
673 2587 768 2640 contro,
780 2581 806 2630 N
815 2582 830 2629 ¹.
845 2581 963 2644 passchae
977 2580 1020 2633 00
1028 2587 1078 2636 sita
1089 2591 1120 2637 ab
1133 2603 1164 2638 co
1179 2536 1277 2656 ἔρωτι.

152 2649 309 2710 coatro‚N².
328 2686 360 2695 -
379 2645 501 2707 locustam
525 2643 695 2706 rosanus
714 2685 746 2694 ..
764 2645 860 2707 XXV,
871 2648 924 2698 aa
953 2649 1105 2714 VLXXV,
1117 2656 1171 2706 Ta.
1189 2698 1221 2707 -
1243 2667 1278 2720 at,

152 2713 244 2764 Tadr.
262 2712 349 2773 aaa
368 2707 446 2773 aass.
465 2749 497 2759 ..
516 2708 581 2772 linc,
594 2711 624 2761 Τ.
988 2749 1005 2787 L

173 2795 257 2856 ⁷542.
276 2796 315 2856 iss,
327 2809 352 2843 σ.
365 2833 394 2843 ,
410 2793 591 2860 quinquaqinta
605 2834 637 2843 -
647 2809 770 2858 passuum,
782 2798 826 2847 ad.
836 2797 896 2860 sors
904 2814 1013 2877 passam,
1025 2802 1058 2852 R.
1079 2844 1110 2854 ,
1133 2803 1278 2871 Βορμᾱωα,

153 2863 259 2912 Barbar.
272 2878 288 2910 a
296 2864 313 2911 ².
331 2860 476 2925 Lopadusa,
491 2852 561 2910 ΘΤΜ
571 2863 607 2911 ¹d.
625 2859 764 2926 Lypidusa,
775 2863 826 2914 3².
843 2863 957 2930 Lapsda,
968 2868 993 2919 R
1003 2870 1019 2919 ¹.
1040 2868 1188 2934 Lopadusa,
1200 2875 1280 2927 alteru

153 2929 262 2979 Barbari
279 2929 431 2979 coniectura.
455 2968 487 2977 -
516 2926 559 2977 VI
567 2927 604 2977 M
607 2946 676 2994 poss.
690 2943 741 2979 om.
754 2931 785 2981 Τ.
808 2972 840 2981 -
868 2931 962 2985 Gaulos
979 2944 1014 2998 st,
1030 2938 1135 2989 Barbur.
1161 2937 1279 3007 Goulos,

153 2998 228 3047 Rad.
250 2994 355 3058 Gaulos,
367 2997 435 3046 Rob.
456 2993 559 3057 Goulos,
570 3011 595 3046 σ.
614 3037 646 3046 ..
663 2997 809 3061 scorpiones,
822 3000 899 3059 Pad.
916 3003 1072 3067 scorpionem,
1083 3003 1163 3072 Ββγ.
1177 3048 1209 3059 -
1227 3010 1278 3062 dis.

153 3079 214 3125 rum,
232 3079 256 3114 σ.
275 3105 307 3115 ..
325 3072 407 3128 nepot,
423 3064 456 3114 R.
475 3104 507 3113 -
529 3061 627 3130 Clypea,
646 3066 683 3115 ita
698 3080 747 3116 nos
761 3069 906 3132 scripsimus
921 3071 981 3121 coll.
998 3074 1013 3136 ξ
1031 3079 1071 3124 25.
1100 3072 1200 3140 Clupea,
1217 3079 1279 3131 aN²

154 3129 248 3196 (Rob.)
265 3128 316 3197 βγ.
339 3130 423 3197 Clupe,
435 3132 486 3183 N¹.
507 3129 612 3198 Glopoa,
624 3134 679 3184 Ed
698 3174 729 3184 ..
747 3135 816 3199 mori,
828 3137 878 3188 N¹.
898 3179 930 3188 ...
948 3142 988 3202 ab,
999 3141 1049 3193 N¹.
1063 3184 1095 3192 ..
1117 3140 1278 3209 (leoprand.

520 3227 529 3255 l

153 3275 178 3329 3,
193 3273 233 3318 92.
250 3265 373 3334 Cossyrr'o,
382 3269 437 3319 Kc.
452 3264 551 3333 Cosyrn,
560 3270 586 3320 N
595 3271 610 3318 ¹.
624 3266 753 3335 Corssyria
763 3271 802 3322 vel
815 3270 938 3339 cossyra,
947 3277 998 3326 N².
1013 3272 1278 3340 CorcoraROTa¹d

155 3333 262 3398 Coaaira,
274 3339 317 3387 a2.
331 3378 363 3387 -
378 3346 435 3397 tom,
446 3337 502 3387 Rd.
515 3377 547 3385 -
560 3335 681 3401 oppidum,
693 3340 734 3388 B²
744 3330 772 3386 θ.
785 3379 817 3388 -
836 3338 908 3403 duos,
921 3344 1059 3394 RN²a²aea
1077 3346 1133 3409 duo,
1145 3350 1189 3399 Ta
1198 3347 1278 3413 ¹drss.

154 3403 212 3455 ΟΜ.
221 3406 247 3455 N
257 3406 271 3454 ¹.
283 3415 314 3453 .‘.
327 3403 473 3467 Aegimoeroe
477 3423 487 3464 ι
504 3419 565 3452 arae
574 3413 659 3462 aalma,
671 3405 708 3454 itu
718 3420 766 3454 noa
775 3407 920 3470 scripsimus
928 3410 1035 3472 vestigia
1043 3414 1159 3462 codicum
1172 3431 1278 3480 sequan-

344 3495 355 3524 θ
401 3495 424 3524 ω
686 3495 697 3523 0
793 3497 819 3527 αθ

155 3546 201 3588 tes.
221 3537 422 3600 Aeyimosraccc.
438 3534 497 3585 Rea
507 3545 577 3597 mcor,
589 3537 621 3588 R.
638 3537 809 3604 Aegimoercca
823 3538 863 3589 Bc
876 3552 964 3606 aotam,
981 3561 1005 3595 a.
1026 3546 1123 3607 eoimire
1133 3584 1139 3595 .
1149 3564 1220 3600 carce
1231 3534 1277 3601 au·

155 3614 210 3666 tem,
224 3604 276 3654 Td.
294 3603 398 3668 Aeqsmo
409 3619 492 3665 aereo,
504 3621 524 3654 r.
543 3620 560 3653 a
569 3605 667 3670 premio,
680 3606 705 3657 N
714 3607 730 3655 ’ζ
748 3608 867 3672 eqreraio,
879 3610 950 3662 N‘20.
968 3611 1097 3677 Aeqimori
1107 3631 1124 3662 a
1135 3631 1169 3676 rc,
1181 3612 1210 3677 β.
1228 3617 1277 3669 As·

154 3671 244 3735 pistori
253 3688 323 3732 oras,
334 3672 413 3722 Hasd.
425 3686 450 3736 r.
467 3672 538 3722 Ante
550 3674 637 3723 omnia
649 3674 833 3726 observandum
845 3685 883 3728 est
893 3679 1013 3742 Plinium,
1027 3681 1096 3742 quod
1107 3683 1175 3733 viros
1187 3687 1277 3744 doctos

155 3754 208 3788 non
224 3740 361 3789 attendisse
378 3740 482 3801 mireris,
500 3741 551 3789 hoc
567 3741 625 3790 loco
641 3743 672 3791 de
688 3743 782 3806 duplici
799 3745 938 3796 insularum
956 3748 1071 3810 congerie
1087 3764 1142 3799 essa
1153 3751 1276 3804 locutum.

155 3805 187 3855 Id
201 3809 294 3856 docent
310 3808 386 3857 verba
401 3815 485 3857 contro
505 3805 662 3872 Carthaginis
679 3808 759 3859 sinam
775 3819 800 3861 et
816 3813 888 3862 inter*
896 3812 1011 3865 Siciliam
1027 3816 1130 3866 naariae
1146 3827 1171 3867 ct
1185 3817 1276 3872 ›Sardi-

156 3872 239 3933 m'om,·
250 3874 349 3923 insulae
361 3875 436 3935 enim,
449 3888 513 3936 quae
525 3882 615 3925 contra
625 3876 700 3926 illum
711 3879 793 3927 sinum
805 3880 868 3929 sitas
880 3890 958 3943 erant,
970 3883 1015 3932 vix
1024 3883 1072 3932 dici
1084 3894 1192 3947 possunt
1200 3889 1276 3940 etiam

156 3940 221 3989 inter
232 3939 345 3991 Siciliam
358 3948 383 3990 et
394 3940 536 3992 Sardiniam
548 3943 610 3992 sitae
620 3941 706 3994 fuisse.
723 3945 782 3994 Huc
793 3948 896 4011 accedit,
909 3951 977 4012 quod
989 3950 1016 3998 in
1027 3952 1171 4002 universum
1183 3956 1276 4009 alteru.

156 4015 195 4057 tra
207 4007 270 4057 situs
281 4008 440 4071 significatio,
453 4009 474 4057 si
483 4010 514 4059 de
523 4024 575 4058 una
583 4012 660 4059 modo
672 4012 812 4062 insularum
824 4018 939 4078 congerie
948 4017 1047 4067 Plinius
1056 4019 1275 4088 cogitabat-pror.

156 4091 199 4125 sus
215 4083 269 4125 erat
286 4076 375 4136 otiosa,
392 4083 417 4125 et
433 4077 502 4138 quod
517 4076 616 4126 Plinius
631 4085 686 4128 tum
703 4087 769 4128 carte
780 4088 913 4145 utramque
929 4085 992 4134 situs
1007 4086 1215 4148 significationum
1227 4093 1276 4144 sibi

156 4143 317 4208 apposuisset
332 4157 415 4205 nequa
430 4144 512 4193 verbis
527 4145 659 4195 nonnullis
674 4146 810 4198 interiectis
822 4149 927 4200 alteram
940 4152 1134 4216 descriptionem
1151 4159 1183 4208 ab
1194 4160 1275 4211 altars

155 4211 302 4262 discidissct.
329 4211 396 4261 Tum
412 4210 455 4261 hic
470 4226 536 4261 unus
552 4212 682 4274 estlocus,
700 4228 751 4276 quo
764 4229 797 4265 ex
808 4217 912 4280 vulgata
928 4227 995 4270 corta
1010 4223 1133 4286 scriptura
1143 4225 1274 4292 Aegimuro

155 4279 253 4331 insulas
265 4279 341 4330 etiam
353 4295 456 4329 ararum
472 4293 566 4328 nomen
579 4280 702 4344 tribuitur,
714 4295 773 4333 cum
784 4285 925 4349 scriptores,
947 4287 990 4352 qui
1002 4289 1073 4343 ssiam
1083 4291 1192 4345 insulam
1204 4310 1273 4347 com·
