2888 4794
618 306 809 350 ruarmo.
1171 305 1275 349 Lxxlx

150 461 364 545 apposuissem,
380 459 507 519 inlibris
522 461 650 519 maxime
664 459 877 537 geographicis,
892 459 944 518 nbi
954 459 1072 518 nomina
1082 459 1209 518 barbara
1219 461 1276 519 mi-

151 590 219 631 rnm
238 579 381 646 quantum
401 588 466 629 esse
486 577 626 647 corrupte
646 589 791 647 perquam
812 577 856 628 est
876 569 1044 646 probabile,
1066 570 1131 627 eius
1151 571 1277 645 ponendi

50 737 53 742 .
151 682 218 749 duis
239 681 340 739 nullus
360 689 439 739 esset
458 681 607 740 inventus.
634 680 705 738 Non
726 698 837 757 peuces
860 678 958 749 etiem,
978 686 1012 737 ut
1032 680 1089 738 hoc
1109 679 1228 753 addam,
1246 679 1276 738 in

150 791 245 849 indice
259 789 327 848 libri
340 790 426 866 primi
441 793 478 848 ab
493 791 559 866 ipso
571 789 671 848 Plinio
686 789 850 869 conscripto
864 788 1047 865 corruptelas
1062 789 1279 866 orthographici

151 898 334 977 potissimum
349 899 465 974 generis
480 906 596 959 exstare
611 899 710 971 credo,
725 916 803 974 quae
817 907 880 957 tum
892 898 1012 956 demum
1023 899 1119 976 detegi
1128 904 1277 976 poterunt,

151 1026 219 1068 cnm
237 1009 276 1067 ad
295 1008 494 1067 emendandos
513 1009 646 1086 singulos
663 1009 755 1067 libros
776 1026 948 1085 processum
962 1009 1027 1067 erit.
1049 1009 1140 1067 Illum
1153 1009 1279 1067 indicem

151 1118 181 1178 in
199 1118 407 1178 minutioribus
428 1120 517 1177 etiam
531 1120 620 1178 rebus
634 1119 692 1177 iem
706 1138 784 1178 nunc
798 1119 953 1178 emendare
966 1137 1026 1178 non
1045 1118 1164 1191 licebat,
1185 1136 1279 1193 nequa

152 1229 248 1303 magis
268 1236 337 1304 post
358 1246 458 1287 omnes
479 1229 597 1287 demum
616 1236 732 1288 ceteros
758 1230 850 1288 libros
876 1230 1027 1289 absolutos
1051 1247 1120 1288 eum
1143 1237 1278 1289 tractare·-

153 1336 279 1397 Errores
292 1337 323 1395 in
338 1356 372 1395 eo
386 1337 518 1396 detectos
532 1338 672 1396 addendis
687 1347 717 1397 et
730 1340 910 1414 corrigendis
924 1340 1051 1398 inseram
1058 1336 1068 1412 ,'
1090 1339 1197 1414 quibus
1210 1338 1279 1397 talis

153 1446 237 1520 liber,
259 1447 377 1521 qualem
397 1464 488 1505 manu
506 1446 601 1505 lector
620 1454 711 1520 tenes,
733 1466 894 1525 numquam
915 1467 1003 1524 egere
1022 1450 1139 1527 poterit.
1166 1449 1202 1507 In
1215 1448 1280 1525 ipsc

155 1575 227 1616 vero
241 1556 449 1615 commentario
470 1555 568 1615 critico
584 1574 652 1615 cum
672 1557 704 1615 in
718 1559 891 1617 universum
909 1558 1055 1617 maximee
1068 1557 1206 1619 brevitati
1219 1566 1280 1616 stu·

155 1665 225 1724 dere
238 1664 377 1724 deberem
392 1672 423 1723 et
435 1665 576 1725 lectorem
591 1667 744 1726 cordetum
759 1675 788 1726 et
803 1669 959 1727 candidum
971 1668 1069 1746 ipsum
1081 1669 1280 1727 indicaturum

153 1792 219 1834 esee
231 1775 417 1848 confiderem,
437 1793 490 1834 cur
501 1774 577 1837 hanc
588 1777 775 1854 potissimum
786 1796 882 1854 noque
896 1779 985 1836 aliam
995 1778 1149 1837 lectionem
1159 1794 1280 1852 recepe-

154 1885 224 1956 rim,
235 1884 386 1944 nonnullis
397 1884 480 1958 locis,
491 1887 619 1944 maxime
629 1887 773 1945 librorum
785 1904 839 1944 sex
849 1894 1075 1962 postremorum,
1086 1887 1139 1945 nbi
1148 1893 1180 1944 et
1189 1885 1282 1944 codex

153 1992 182 2051 B
196 1999 227 2051 et
239 2011 338 2052 rerum
351 1997 553 2073 expositarum
568 2004 674 2054 nature
688 2015 736 2054 me
754 2001 790 2053 ut
803 1997 859 2055 hoc
878 1995 1006 2055 iecerem
1023 1996 1196 2068 invitarunt,
1214 2012 1282 2054 cnm

153 2113 185 2163 at
196 2103 350 2181 aliquanto
363 2106 594 2165 exercitationem
607 2107 747 2165 lectorem
759 2106 902 2166 offensum
915 2107 953 2165 iri
966 2114 1113 2182 putarem,
1127 2106 1281 2164 uberiores

155 2214 359 2274 adnotationes
371 2216 491 2289 subieci,
503 2215 610 2291 quibus
622 2225 652 2275 et
661 2235 749 2275 usum
763 2196 904 2291 loquendi
912 2215 1012 2276 Plinio
1025 2217 1177 2294 proprium
1188 2216 1282 2293 expli·

155 2341 254 2383 cerem
275 2332 305 2383 et
318 2325 492 2384 sententiam
507 2326 656 2402 scriptoris
673 2327 763 2404 paulo
780 2327 993 2405 impeditiorem
1011 2327 1175 2406 expedirem
1190 2324 1283 2404 (quod

156 2438 272 2510 praeter
285 2432 508 2511 Delecempium
527 2438 565 2495 ab
579 2435 736 2496 Harduino
754 2456 844 2514 seepe
861 2438 1051 2515 compiletnm
1069 2457 1155 2497 nemo
1169 2436 1283 2497 felicius

156 2543 285 2620 suscepit
298 2561 389 2619 quam
407 2542 434 2602 1.
453 2544 505 2607 Fr.
520 2542 690 2605 Gronovius
704 2553 734 2604 et
746 2546 774 2605 Ι.
791 2546 835 2606 Μ.
848 2546 999 2608 Gesnerns
1013 2550 1044 2607 in
1059 2547 1285 2613 chrestomathie

156 2651 304 2726 Pliuiena,
326 2654 411 2712 cuins
431 2653 592 2712 novissima
610 2672 727 2730 semper
739 2674 813 2714 usus
828 2675 895 2714 sum
909 2657 1035 2715 editiorm
1049 2656 1196 2734 Lipsiensi
1214 2658 1284 2716 anni

159 2755 282 2842 illd),
305 2769 336 2820 et
350 2763 500 2841 opiniones
514 2763 707 2837 interpretum
722 2764 866 2821 meiorum
880 2765 1011 2840 gentium
1025 2772 1077 2823 aut
1095 2765 1179 2823 novis
1193 2782 1283 2839 argu·

157 2874 263 2933 mantis
282 2873 486 2932 confirmarem
500 2876 563 2942 eut,
585 2871 611 2929 ei
630 2890 648 2928 e
667 2891 738 2930 vero
753 2874 891 2932 aberrare
910 2873 1094 2946 videbantur,
1109 2873 1283 2950 corrigerem

157 2991 246 3059 atque
258 2983 300 3041 ita
314 2982 407 3039 nodos
421 2981 565 3056 quosdam
576 2982 783 3056 grammaticos
799 2989 829 3039 et
843 2983 960 3042 criticos
974 2992 1004 3043 et
1013 2984 1180 3056 historicos,
1191 3001 1284 3058 quan-

157 3101 221 3151 tum
239 3094 270 3151 in
290 3111 338 3150 me
361 3099 451 3163 esset,
474 3091 630 3150 solverem.
652 3092 723 3150 Non
736 3092 872 3167 equidem
887 3095 1055 3168 negaverim
1074 3113 1121 3152 me
1135 3093 1284 3153 nonnullis

157 3203 325 3262 bominibus
340 3203 437 3279 plure,
448 3221 538 3278 quem
552 3220 626 3277 opus
640 3212 713 3276 eret,
725 3203 900 3278 explicuisse
911 3205 1004 3263 videri
1016 3224 1114 3283 posse,
1126 3212 1156 3263 et
1168 3204 1284 3264 facilius

159 3329 230 3371 sene
243 3319 307 3370 erat
320 3313 542 3390 superciliosum
557 3311 708 3371 silentium
723 3314 863 3387 obtinere,
878 3315 923 3373 uti
936 3333 1025 3392 seepe
1038 3315 1170 3377 homines
1184 3316 1284 3375 existi·

159 3421 280 3479 motioni
297 3439 368 3482 enee
386 3423 510 3482 tacendo
528 3440 618 3497 quem
637 3422 786 3496 loquendo
807 3424 911 3484 melius
934 3426 1107 3496 consulunt3
1133 3426 1184 3484 sed
1205 3427 1283 3485 clere

158 3529 339 3604 loquendum
358 3532 415 3591 init
433 3549 589 3606 meumque
610 3549 674 3590 esse
693 3534 797 3608 pntevi
810 3534 992 3610 longioribus
1007 3542 1037 3593 et
1054 3536 1283 3595 accuratioribus

158 3638 232 3697 meis
251 3640 485 3701 adnotationibus
500 3648 561 3699 tam
577 3641 739 3713 ostendere,
756 3644 827 3717 qnid
841 3651 910 3720 post
922 3653 1034 3704 tentam
1054 3663 1155 3704 curem
1172 3646 1204 3701 in
1217 3643 1284 3701 Pli-

158 3749 208 3808 nio
226 3750 351 3826 positam
370 3753 407 3810 de
420 3752 480 3810 illis
501 3750 571 3809 locis
592 3752 799 3810 difficilioribus
819 3754 955 3826 eruerim,
976 3773 1064 3830 quem
1083 3754 1216 3812 homines
1236 3770 1284 3811 me

158 3859 310 3935 peritiores
325 3870 355 3919 et
368 3862 512 3920 doctiores
526 3862 564 3919 ad
580 3862 754 3921 sententiam
771 3881 854 3920 suem
874 3864 912 3920 de
925 3865 962 3922 iis
976 3864 1180 3940 proferendam
1201 3863 1283 3923 exci-

158 3976 234 4043 tare,
256 3971 334 4045 quod
349 3972 531 4047 potissimum
547 3972 582 4028 de
598 3974 806 4031 commentario
821 3972 1009 4048 preeietionis
1022 3974 1177 4032 Plinienae
1191 3973 1281 4047 velet,

159 4080 241 4141 cuius
260 4082 388 4140 ambitus
408 4080 583 4158 repetendus
605 4088 650 4138 est
669 4100 707 4138 ex
727 4081 867 4158 singulari
882 4083 1024 4155 cretione,
1046 4102 1106 4159 qua
1119 4082 1238 4144 Plinius
1251 4086 1283 4144 in

159 4207 194 4249 ea
207 4193 415 4251 conscribenda
433 4199 478 4249 eet
498 4208 585 4264 usus,
609 4198 638 4249 et
652 4210 690 4250 ex
704 4192 871 4252 conditione
890 4194 954 4253 eius
969 4194 1067 4262 critice
1086 4194 1282 4256 incredibilem
