2888 4794
615 304 805 349 Pnaursrro.
1235 306 1271 347 111

148 486 208 525 non
238 464 374 525 sufficere
403 479 470 521 cum
498 461 569 519 satis
601 466 764 530 constaret,
797 458 914 535 publice
946 475 1008 516 rem
1040 459 1272 534 promovendam

149 573 399 635 Thiar-sebius
413 571 497 644 vidit,
511 576 622 630 etcum
636 570 794 629 auctoritas
808 568 916 646 Regiae
929 567 1096 628 eosdemse
1108 568 1273 628 litterarum

148 684 335 744 Monacensis
353 701 413 741 non
430 682 553 753 deesset,
574 675 816 738 LUDOVIGUS
830 677 857 736 I.
872 677 939 735 Rex
951 677 1096 737 Bavsriae
1113 680 1221 738 nuum
1245 687 1275 738 et

148 794 315 854 litterarum
336 792 468 851 studium
489 789 637 849 communi
655 788 772 848 vinculo
794 807 860 847 esse
880 788 1068 846 coniunctum
1087 789 1191 860 sciens,
1213 790 1275 847 cle·

151 903 331 962 mestissime
355 900 489 977 promisit
512 917 544 958 se
568 917 644 974 quae
669 899 835 957 academiae
859 899 1025 956 litterarum
1049 898 1088 956 ad
1115 906 1276 976 apparatus

149 1012 286 1072 editionis
310 1010 403 1069 Plinii
430 1008 579 1068 faciendos
607 1008 775 1067 necessaria
803 1009 990 1079 viderentur,
1019 1008 1081 1066 suis
1111 1006 1277 1082 sumptibus

150 1128 342 1198 erogaturum
357 1137 432 1179 esse.
461 1116 619 1178 codicibus
633 1118 685 1192 qui
698 1118 901 1177 conferrentur
914 1118 1089 1194 dignissimis
1104 1118 1276 1194 designatis,

151 1229 368 1290 Ludovicus
396 1230 439 1288 de
463 1230 543 1300 Ian,
576 1228 748 1304 disciplinae
772 1227 1004 1287 Thierschianae
1028 1227 1166 1286 alumnus
1191 1244 1278 1305 prae·

151 1341 365 1412 stantissimus‚
394 1340 433 1397 ad
456 1340 514 1398 hoc
542 1338 691 1415 negotium
723 1338 942 1413 exsequendum
966 1339 1145 1410 destinatus,
1174 1337 1278 1396 itinere

151 1450 305 1509 duodecim
329 1468 467 1508 mensum
490 1448 533 1507 ita
552 1458 698 1521 estuans,
724 1455 759 1506 nt
776 1447 889 1507 Italicis
908 1455 939 1506 et
956 1446 1172 1507 Parisiensrbus
1196 1447 1278 1506 libris

152 1560 296 1636 excerptis
314 1560 385 1618 huia
405 1561 488 1636 operi
506 1559 712 1618 molestissimo
731 1559 906 1636 perficiendo
924 1560 1067 1635 aptiorem
1087 1577 1119 1617 se
1131 1557 1278 1617 hominem

151 1670 232 1728 baud
252 1670 321 1745 eligi
339 1671 470 1746 potuisse
488 1670 605 1728 abunde
624 1678 791 1729 testaretur.
814 1667 874 1728 Sed
891 1678 1009 1745 praeter
1024 1668 1093 1727 illos
1106 1668 1198 1729 hbros
1212 1686 1278 1727 ma·

152 1780 231 1838 xime
245 1778 426 1837 Toletanum
441 1788 471 1838 et
484 1778 664 1838 Vossianum
678 1780 788 1838 librum
802 1780 898 1837 denuo
916 1776 1111 1855 inspiciendos
1128 1796 1193 1836 esse
1211 1796 1279 1836 oum

152 1889 284 1948 Pintiani
303 1895 333 1945 et
350 1888 468 1947 Ioannis
482 1886 626 1946 Friderici
645 1886 790 1946 Gronovii
809 1894 949 1963 excerpta
968 1887 1116 1957 docerent,
1138 1886 1280 1961 singulari

152 2014 277 2074 prorsus
295 1995 430 2054 fortunae
448 1995 551 2054 lavore
568 1995 677 2052 factum
697 2002 752 2067 est,
774 2004 809 2054 ut
822 1995 891 2054 libri
904 1995 1052 2067 Toletani,
1074 1994 1112 2053 ad
1126 2012 1214 2070 quem
1228 1995 1280 2053 vix

152 2106 241 2165 aliter
258 2105 358 2164 aditus
377 2105 505 2180 patebat,
525 2100 697 2163 accuratius
708 2104 881 2181 inspiciendi
900 2104 1013 2181 copiam
1032 2104 1142 2164 iaceret
1154 2102 1278 2164 IOAN·

153 2214 224 2276 NIS
244 2213 429 2275 serenissimi
450 2215 543 2273 Ducis
564 2212 709 2274 Senoniae
733 2215 954 2292 exoptatissima
971 2214 1126 2288 voluutas,
1152 2234 1212 2291 quo
1231 2217 1279 2274 in·

154 2327 319 2385 tercedente
344 2322 565 2385 ANTONIUS
595 2325 782 2384 beatissimus
806 2325 875 2383 Rex
899 2323 1045 2385 Suettium
1072 2327 1110 2384 ab
1135 2324 1279 2385 FERDI·

154 2434 305 2495 NANDO
325 2435 400 2495 Vn.
421 2435 631 2511 Hispaniarum
649 2435 859 2509 Indiarumque
878 2435 977 2511 Rege,
1003 2437 1098 2514 neptis
1124 2454 1195 2495 suae
1213 2440 1279 2495 tum

155 2547 272 2619 marito,
282 2545 369 2604 facile
381 2544 559 2622 impetravit,
570 2552 608 2602 ut
617 2562 819 2619 quaecumque
831 2544 862 2602 in
875 2543 929 2603 ills
942 2553 1023 2603 terra
1035 2546 1146 2604 adrem
1157 2563 1279 2623 prorsus

155 2673 264 2715 novam
284 2656 490 2733 perficiendam
508 2655 572 2712 fieri
590 2661 711 2729 possent
730 2655 844 2712 liment.
875 2652 921 2711 At
940 2654 976 2711 de
995 2653 1142 2713 Vossiano
1162 2673 1279 2731 quoque

155 2765 230 2824 ubre
258 2773 330 2824 vota
357 2773 465 2822 eventu
492 2780 553 2820 non
580 2770 749 2820 caruerunt.
797 2760 969 2820 Berolinum
1002 2763 1079 2820 enim
1108 2780 1175 2820 cum
1203 2781 1281 2821 auno

155 2871 452 2934 tfflcccxxvm.
466 2878 590 2930 naturae
604 2877 784 2929 scrutatores
799 2870 955 2948 septimum
968 2872 1182 2942 convenissent,
1196 2869 1281 2931 Ber·

155 2983 299 3056 tigerus
323 2981 445 3040 recitata
467 2980 669 3039 dissertatione
694 2981 732 3039 de
756 2980 872 3057 silphio,
897 2980 1000 3059 planta
1023 2982 1076 3041 illa
1100 2978 1282 3056 antiquitatis

156 3098 219 3149 tam
230 3090 367 3166 quaesita
381 3108 475 3165 quam·
483 3090 623 3168 pretiosa,
643 3110 707 3148 rem
719 3088 887 3149 Plinianam
901 3109 1005 3151 rursus
1019 3093 1189 3151 retractavit
1202 3101 1233 3150 et
1245 3092 1282 3150 de

156 3201 262 3259 codicis
286 3200 428 3259 Vossiani
454 3200 565 3275 insigni
593 3203 741 3276 gravitate
768 3199 800 3259 in
827 3202 962 3260 oratione
985 3200 1076 3261 Plinii
1100 3202 1283 3261 emendanda

157 3309 292 3368 omnibus
309 3311 383 3369 adeo
402 3311 559 3386 persuasit,
581 3316 616 3367 ut
633 3311 753 3388 auspice
772 3321 801 3370 et
819 3311 895 3370 duce
909 3308 1048 3370 Olcnio
1067 3311 1168 3388 plures
1182 3313 1283 3390 physi-

158 3435 260 3478 corum
282 3420 423 3497 pecunias
450 3418 616 3478 conferrent
642 3412 793 3496 (rideatur
813 3418 920 3478 Olenii
937 3420 996 3479 Isis
1019 3415 1113 3480 1829.
1136 3417 1282 3480 v01.32.

157 3545 188 3604 p.
203 3522 383 3587 tlt-331.
406 3522 616 3608 355..358.),
642 3546 718 3604 quae
738 3538 841 3604 postea
857 3548 877 3587 a
896 3530 989 3588 doctis
1008 3530 1156 3588 nonnullis
1168 3528 1283 3588 Beroli·

158 3637 315 3708 nensrbus,
336 3646 371 3696 ut
391 3638 557 3714 sumptibus
579 3639 617 3696 ad
637 3639 765 3697 codicem
785 3638 991 3698 conferendum
1012 3639 1182 3699 necessariis
1202 3637 1283 3696 suffl-

159 3753 279 3819 cerent,
308 3746 450 3805 adauctae
469 3749 506 3806 ab
525 3746 693 3807 Henrico
715 3747 1009 3807 Liohtensteinio
1033 3746 1212 3821 antiquitatis
1232 3747 1284 3804 do·

159 3863 226 3914 otae
245 3862 276 3912 et
293 3873 392 3915 rerum
411 3865 534 3915 naturae
552 3859 663 3933 pariter
683 3856 776 3934 perito
801 3859 840 3916 ad
864 3878 912 3916 me
936 3857 1127 3917 transmissae
1150 3855 1192 3914 ita
1216 3867 1285 3916 sunt

159 3962 331 4035 collocatae,
351 3971 385 4022 ut
399 3966 521 4024 alterius
535 3966 623 4024 etiam
644 3967 711 4024 libri
725 3967 865 4026 Vossiani
885 3966 1072 4025 collationem
1092 3967 1282 4028 nanciscerer.

159 4073 208 4132 Ita
222 4072 360 4131 omnibus
374 4081 426 4130 aut
438 4073 496 4130 iam
510 4072 595 4132 iactis
609 4083 662 4132 aut
676 4084 754 4132 certe
768 4077 962 4151 praeparatis,
982 4084 1016 4134 ut
1030 4078 1134 4155 optimi
1154 4077 1284 4139 omnium

160 4181 402 4243 bibliothecarum
426 4183 515 4242 totius
534 4181 674 4260 Europae
698 4183 767 4245 libri
791 4202 881 4243 manu
899 4187 999 4262 scripti
1017 4188 1048 4246 in
1073 4206 1160 4249 usum
1186 4206 1284 4248 novae
