2888 4794
406 480 460 583 C.
497 479 671 584 PLINI
709 475 994 582 SECUNDI

211 649 697 886 NATURALLIIS
734 647 1198 766 HISTORIAE

656 812 755 886 BER
779 812 807 885 I.

401 1023 551 1099 LIBRO
578 1024 624 1098 ΙΙ.
653 1023 1010 1099 CONTINENTUR

75 1192 77 1204 .
149 1145 205 1210 An
230 1143 339 1208 finitus
366 1142 427 1206 sit¹
454 1140 593 1206 mundus
620 1151 653 1204 et
679 1146 741 1204 an²
767 1162 860 1204 unus.
893 1137 947 1203 De
975 1139 1077 1202 forma
1103 1139 1181 1203 eius.
1215 1137 1269 1203 De

184 1282 283 1348 Incipit
295 1280 359 1331 liber
368 1282 467 1345 primus
479 1277 610 1330 naturalis
622 1278 748 1329 historiae
757 1279 842 1329 Plinii
853 1276 966 1328 Secundi
973 1275 1170 1328 Novecomensis
1183 1287 1269 1328 orato-

151 1354 190 1403 ris
202 1351 333 1403 continens
346 1357 441 1398 tantum
457 1345 574 1412 capitulo
585 1364 639 1397 cum
656 1348 805 1397 auctoribus
817 1357 955 1396 ceterorum
964 1345 1058 1394 XXX
1063 1345 1103 1395 VI
1112 1347 1269 1409 sequentium

151 1419 281 1479 librorum,
294 1421 318 1469 (1.
331 1414 429 1481 Incipit
438 1415 605 1466 historiarum
614 1413 703 1463 mundi
716 1414 856 1464 elencorum
870 1414 992 1464 librorum
1002 1415 1108 1464 omnium
1117 1413 1273 1464 XXXVII

152 1487 217 1537 liber
236 1503 301 1536 unus
319 1484 365 1548 qui
377 1485 484 1548 primus,
501 1486 533 1534 R.
556 1481 655 1546 Incipit
671 1481 839 1532 historiarum
860 1482 948 1532 mundi
969 1481 1126 1531 elenchorum
1148 1480 1269 1533 librorum

151 1551 310 1616 XXXVII,
322 1556 346 1602 b.
362 1549 388 1602 C.
398 1551 483 1601 Plinii
496 1548 609 1600 Secundi
620 1548 787 1600 historiarum
799 1550 886 1600 mundi
898 1549 1013 1600 elenchos
1026 1548 1147 1598 librorum
1160 1551 1267 1600 omnium

151 1620 307 1671 XXXVII
315 1619 380 1670 liber
392 1636 457 1669 unus
470 1618 516 1682 qui
524 1619 631 1681 primus,
644 1620 717 1667 codd.
728 1620 842 1669 Barbari.

185 1688 267 1739 Libro
284 1687 392 1737 secundo
410 1686 578 1747 continentur,
594 1688 626 1736 R.
654 1684 735 1732 Libro
749 1687 833 1749 primo
850 1686 1018 1745 continentur,
1030 1688 1054 1736 b.
1066 1686 1147 1735 Libro
1159 1685 1269 1735 secundo

152 1757 302 1816 continetur,
317 1772 338 1805 r.
355 1757 387 1804 In
398 1772 414 1804 a
426 1770 514 1804 omnes
532 1756 582 1802 hae
593 1754 771 1815 inscriptiones
784 1770 842 1803 cum
854 1763 925 1816 parte
937 1755 1066 1803 summarii
1077 1755 1134 1803 libri
1146 1756 1181 1804 11.
1193 1755 1269 1803 inter-

151 1826 241 1874 ierunt.
258 1826 299 1874 De
309 1824 408 1883 ¹ratione
419 1837 487 1883 vero,
501 1837 552 1884 qua
563 1823 590 1869 11
601 1823 652 1869 hoc
663 1821 746 1869 indice
758 1823 854 1870 edendo
866 1830 979 1870 versatus
991 1837 1055 1881 sum,
1068 1823 1132 1870 haec
1144 1828 1203 1870 sunt
1214 1837 1269 1869 mo-

150 1896 243 1943 nenda.
267 1892 426 1951 Quicumque
437 1890 550 1939 Plinium
567 1897 626 1937 ante
636 1888 797 1936 Harduinum
813 1889 950 1948 ediderunt,
963 1890 989 1936 in
1006 1890 1106 1937 codices
1123 1889 1269 1949 inciderant,

151 1963 244 2024 quibus
255 1973 309 2007 non
325 1958 402 2005 index
414 1958 445 2005 ab
462 1957 518 2019 ipso
535 1956 621 2004 Plinio
640 1955 805 2017 conscriptus,
823 1959 867 2006 sed
882 1970 963 2004 novus
981 1972 997 2004 1
1012 1956 1119 2005 librariis
1132 1958 1270 2006 secundum

150 2027 295 2078 naturalem
312 2025 445 2074 historiam
462 2023 619 2086 compositus
636 2023 774 2084 legebatur.
797 2023 848 2072 Hic
864 2039 922 2072 cum
939 2024 965 2071 in
983 2023 1100 2072 omnibus
1117 2024 1269 2074 editionibus

150 2111 233 2158 usque
245 2096 277 2143 ad
288 2109 311 2141 a
326 2097 399 2141 1685.
417 2092 509 2141 curatis
525 2091 674 2152 inveniatur,
690 2091 742 2139 hoc
759 2092 861 2140 demum
878 2106 945 2141 auno
961 2092 1107 2142 Harduinus
1124 2093 1207 2155 priore
1222 2093 1269 2141 1110

152 2164 234 2212 indice
247 2160 377 2211 subdititia
391 2160 471 2208 eiecto
484 2160 622 2222 genuinum
633 2174 647 2208 1
660 2160 858 2210 codicibusabd
870 2156 998 2222 (Thuan.)
1010 2167 1166 2222 protractum
1184 2162 1268 2210 edidit.

152 2232 203 2282 Sed
220 2245 279 2278 cum
294 2229 331 2278 ita
346 2228 422 2276 etiam
437 2227 480 2275 hic
500 2229 595 2291 primus
610 2228 688 2277 Plinii
703 2229 767 2277 liber
782 2243 835 2277 non
852 2243 882 2277 11
899 2244 957 2277 cum
973 2244 1033 2277 cura
1049 2236 1170 2279 uacuus
1185 2227 1269 2291 fuerit,

153 2314 231 2362 quam
240 2297 329 2346 merito
340 2302 486 2358 exspectare
495 2310 591 2358 posses,
603 2296 630 2344 in
642 2297 691 2345 hac
699 2305 787 2346 nostra
796 2297 907 2346 editione
918 2311 957 2346 res
969 2303 1024 2346 1011
1035 2299 1066 2345 de
1078 2297 1177 2359 integro
1190 2298 1268 2346 susci-

152 2368 246 2431 pienda
259 2364 316 2415 1111.
334 2363 480 2415 Harduinus
493 2364 588 2412 scilicet
599 2364 680 2412 multa
694 2379 751 2414 cum
763 2365 866 2414 licentia
878 2366 993 2425 indicem,
1006 2365 1050 2414 ubi
1063 2381 1121 2413 cum
1129 2365 1185 2428 ipsa
1193 2373 1267 2415 natu-

153 2435 201 2484 rali
212 2433 319 2482 historia
334 2447 424 2495 parum
441 2432 574 2480 convenire
585 2432 730 2492 videbatur,
747 2434 834 2482 multis
846 2432 929 2482 modis
941 2433 1104 2495 interpolavit
1115 2441 1141 2482 et
1157 2434 1269 2497 corrupit

153 2510 236 2564 neque
247 2501 321 2549 illum
331 2499 417 2559 Plinii,
430 2502 474 2549 sed
485 2514 559 2547 suum
571 2499 680 2547 indicem
691 2498 760 2548 11111.
781 2502 880 2550 Deinde
892 2501 998 2563 singulis
1010 2501 1136 2550 lemmatis
1148 2516 1268 2551 numeros

154 2569 257 2630 addidit,
272 2582 381 2630 quorum
393 2575 459 2616 certe
474 2567 501 2615 in
512 2567 582 2615 libris
593 2566 726 2616 BRAVa
738 2569 836 2617 nullum
848 2576 887 2617 est
897 2570 1040 2630 vestigium,
1058 2583 1213 2631 quamquam
1225 2570 1268 2618 alii

154 2633 349 2697 codices(de)
359 2650 403 2684 eos
415 2635 507 2683 habere
518 2634 641 2682 videntur.
659 2634 727 2683 Hinc
738 2649 820 2696 neque
830 2637 989 2697 Dalecampii
999 2650 1081 2697 nequo
1092 2634 1217 2684 Harduini
1228 2637 1269 2685 vel

153 2704 262 2756 Broterii
279 2704 430 2752 editionibus
442 2702 469 2750 11
484 2703 536 2750 hoc
551 2701 634 2749 indice
650 2703 748 2749 edendo
764 2703 883 2764 respectis
900 2717 949 2764 ego
967 2703 1104 2750 editionem
1121 2704 1183 2762 eius,
1200 2704 1270 2752 siim

152 2774 234 2822 dicere
245 2772 312 2832 licet,
329 2771 469 2834 principem
479 2768 536 2828 1111,
554 2768 624 2816 cuius
636 2769 701 2816 haec
712 2769 777 2816 11110
790 2767 845 2829 luit,
857 2776 886 2818 11
898 2770 1057 2831 singulorum
1068 2771 1192 2819 librorum
1203 2771 1268 2819 indi·

152 2855 193 2890 ces
206 2839 364 2899 ecodicibus,
378 2838 421 2900 qui
431 2851 475 2886 eos
484 2837 614 2884 continent
626 2843 651 2883 et
660 2849 769 2897 quorum
781 2836 846 2898 sigla
857 2838 948 2898 cuique
960 2837 1025 2885 libro
1039 2839 1267 2900 apposui,edcrem,

150 2908 232 2958 varias
241 2908 363 2957 lectiones
372 2912 514 2955 memoratu
522 2903 599 2966 paulo
609 2903 737 2965 digniores
749 2912 775 2952 et
784 2903 908 2966 salmasii,
917 2905 1050 2965 Η11111111,
1064 2906 1174 2955 aliorum
1183 2921 1267 2955 emen-

150 2976 266 3026 dationes
282 2975 322 3023 vel
339 2974 496 3022 coniecturas
513 2971 653 3020 adiicercm.
676 2973 707 3021 In
723 2972 867 3021 universum
881 2988 941 3022 vero
960 2975 1098 3023 tenendum
1114 2975 1194 3024 estin
1211 2975 1267 3025 aliis

150 3045 224 3093 codd.
238 3039 328 3106 (de)
341 3043 410 3091 hunc
422 3040 530 3089 indicem
542 3053 588 3088 suo
600 3039 660 3087 loeo
672 3039 724 3101 legi
736 3047 761 3088 et
772 3041 877 3103 proinde
889 3042 1000 3103 primum
1011 3042 1133 3091 naturalis
1145 3043 1268 3093 historiae

150 3111 244 3161 librum
255 3125 317 3171 1111,
330 3110 357 3157 11
373 3110 429 3159 11111
441 3103 573 3170 (BVAn)
587 3108 648 3170 ipsis
664 3108 742 3167 libris,
759 3109 786 3156 in
803 3109 859 3158 aliis
876 3106 946 3170 (Ra)
962 3112 1055 3159 etheo
1072 3111 1130 3158 loco
1149 3111 1267 3161 omnibus

149 3179 220 3228 libris
237 3187 262 3228 11
281 3193 366 3227 rursus
386 3177 491 3239 singulis
507 3176 645 3238 praemitti,
667 3184 696 3224 ut
710 3176 749 3225 bis
770 3176 797 3224 in
817 3176 954 3240 decurtet,
976 3181 1043 3228 unde
1059 3179 1169 3242 suspicio
1188 3181 1268 3230 oritur

149 3247 228 3309 paulo
245 3253 305 3309 post
319 3245 432 3295 Plinium
448 3243 574 3294 exstitisse
588 3244 730 3304 librarium,
748 3243 791 3305 qui
807 3243 834 3292 in
849 3244 974 3294 lectorum
986 3262 1090 3296 suorum
1103 3251 1267 3298 commodum

149 3313 407 3363 indicemPlinianum
416 3313 455 3362 bis
467 3312 592 3371 scriberet,
605 3312 682 3360 semel
694 3326 740 3360 110
752 3313 819 3371 1010,
832 3313 924 3361 tamin
935 3313 1008 3363 initio
1018 3315 1178 3377 singulorum
1188 3318 1266 3367 libre·

74 3378 79 3389 '
149 3396 214 3430 rum.
230 3383 262 3431 Id
273 3389 357 3431 autem
369 3396 399 3430 ea
411 3383 441 3430 de
454 3395 529 3429 causa
539 3382 695 3435 monendum
706 3387 767 3440 erat,
783 3395 815 3427 11
826 3380 941 3441 11110111,
954 3382 998 3443 qui
1010 3383 1102 3432 scirent
1112 3399 1192 3433 unum
1204 3386 1266 3435 alte-

149 3463 237 3498 rumve
247 3449 325 3499 Plinii
341 3450 455 3498 codicem
471 3461 564 3508 magna
579 3448 701 3496 librorum
713 3462 817 3496 suorum
832 3456 903 3510 parte
915 3464 1009 3511 011111,
1026 3451 1115 3500 incerti
1127 3453 1266 3513 haererent,

149 3519 281 3578 quomodo
290 3517 344 3566 fieri
352 3525 445 3580 posset,
454 3525 484 3565 11
495 3516 615 3564 librorum
626 3517 781 3578 perditorum
789 3517 883 3565 indices
893 3518 989 3567 anobis
1000 3530 1265 3569 commemorarentur.

150 3583 270 3633 Ceterum
281 3585 333 3633 hoc
344 3586 429 3634 statim
439 3586 499 3632 loco
511 3583 594 3633 fateor
605 3598 646 3632 me
662 3585 688 3632 in
700 3585 730 3633 111
741 3585 819 3646 libris,
837 3585 863 3633 in
876 3586 966 3647 quibus
978 3587 1077 3636 Plinius
1089 3590 1206 3638 remediis
1218 3603 1264 3634 nu-

149 3665 233 3701 meros
248 3653 343 3701 horum
363 3654 532 3702 remediorum
552 3652 694 3713 adscripsit,
715 3653 755 3702 his
776 3654 837 3716 ipsis
857 3655 967 3704 numeris
987 3670 1040 3704 non
1060 3657 1169 3706 multum
1191 3668 1264 3702 curae

149 3720 309 3782 impendisse,
326 3728 352 3768 11
363 3723 432 3782 quod
444 3722 508 3768 huec
519 3733 558 3767 res
570 3719 689 3767 levissimi
702 3729 739 3769 est
750 3723 873 3771 momenti
886 3730 911 3771 et
922 3727 992 3785 quod
1003 3723 1044 3772 vel
1055 3724 1081 3771 in
1094 3736 1193 3772 summa
1205 3735 1264 3768 cura

149 3787 214 3836 nihil
229 3787 372 3851 profectum
389 3788 419 3836 iri
434 3787 614 3848 intelligebam.
637 3787 704 3835 Nam
720 3791 817 3837 numeri
834 3791 1012 3840 incredibiliter
1028 3797 1087 3840 sunt
1103 3788 1221 3849 corrupti,
1239 3795 1264 3836 et

149 3862 204 3905 tum
219 3858 322 3905 demum
333 3856 440 3903 11111011
457 3856 487 3903 de
499 3854 539 3902 his
551 3854 661 3902 numeris
674 3854 779 3917 proferri
795 3866 926 3920 poterunt,
944 3875 1002 3907 cum
1014 3866 1097 3908 toturn
1109 3855 1187 3905 Plinii
1199 3869 1263 3917 opus

149 3923 321 3973 emelioribus
337 3938 415 3985 quam
430 3930 531 3971 exstant
545 3921 615 3971 libris
632 3922 678 3970 erit
690 3924 857 3974 emendatum.
883 3927 933 3975 Hic
945 3940 1048 3988 quoque
1058 3926 1081 3973 B
1094 3938 1121 3973 se
1138 3922 1263 3985 optimum

149 3991 279 4053 praestitit,
292 4000 317 4040 et
326 3999 421 4052 quanto
435 3991 522 4039 ceteris
535 3989 567 4038 sit
578 3990 698 4052 superior,
712 3991 801 4050 quovis
813 3990 865 4041 1111
876 3993 1081 4043 lemmatedoeet.
1099 3992 1143 4041 Ad
1153 3992 1263 4042 indicem

149 4057 226 4120 igitur
240 4059 298 4109 libri
315 4060 350 4107 Π.
363 4060 467 4108 adhibui
483 4058 598 4108 Rdea
614 4054 652 4118 (in
664 4058 716 4105 hoc
732 4073 840 4120 magnae
851 4061 964 4120 lacunae,
981 4062 1048 4109 unde
1060 4060 1095 4109 ibi
1107 4067 1262 4110 1111111111-

148 4126 215 4175 stare
225 4129 352 4189 putandus
364 4134 409 4188 est,
421 4127 465 4176 ubi
476 4126 573 4175 disertis
584 4125 665 4174 verbis
678 4142 693 4173 a
704 4140 745 4174 me
757 4124 990 4187 commemoratur.)

185 4199 206 4243 1.
210 4193 307 4255 finitus
320 4193 362 4254 sit,
374 4196 398 4243 b.
407 4192 512 4257 finitus,
523 4195 555 4244 R.
572 4189 698 4255 infinitus,
710 4209 730 4242 r.
740 4193 863 4256 finiatur,
875 4196 927 4244 Τὰ.
954 4196 1020 4245 Huic
1032 4196 1088 4243 voci
1100 4198 1176 4246 verba
1188 4206 1264 4245 notua

148 4258 458 4376 11Ρ11Ξ111111111111111
474 4262 552 4312 habet
566 4263 598 4311 R.
627 4267 650 4311 2.
663 4273 697 4310 un
710 4260 753 4325 sit,
769 4264 820 4314 Τὰ.
1045 4327 1063 4387 2

221 4340 257 4376 ur.
275 4329 296 4379 1.
828 4370 832 4379 ,
1072 4343 1074 4348 ’
