2888 4794
916 174 943 217 Ὠ

356 307 426 353 nm.
442 307 479 353 11.
510 303 833 352 osr.nxv..nxv11.
864 301 1067 351 sacra-a.
1208 286 1268 350 169
1309 354 1316 369 ,

152 459 272 524 umoris
293 460 342 524 vis
365 469 505 543 superet.
538 456 634 522 quta
656 479 732 521 vero
754 457 794 521 ab
817 466 888 520 ortu
910 478 952 520 ex
972 454 1084 520 Indico
1106 454 1186 520 mari
1208 454 1268 520 sub
1356 466 1362 473 ‘

154 561 267 627 eodem
295 560 400 626 sidere
427 582 503 645 pars
526 570 593 623 tota
619 580 758 643 vergens
778 559 812 621 in
835 555 989 642 Caspium
1010 580 1098 622 mare
1120 557 1269 642 pernavi·
1315 602 1337 625 2..

154 671 229 748 gata
251 674 300 727 est
313 660 529 730 Macedonum
551 659 657 737 armis,
681 657 818 724 Seleuco
836 671 933 742 atque
947 657 1109 723 Antiocho
1129 680 1270 743 regnan-

155 763 241 828 tibus
273 763 329 846 qui
367 773 400 827 et
433 759 605 829 Seleucida
639 760 671 826 et
702 759 898 825 Antiochida
930 760 971 824 ab
1005 759 1083 844 ipsis
1116 760 1272 844 appellari

154 866 294 930 voluere.
331 863 376 927 Et
409 864 494 928 circa
523 860 678 949 Caspium
706 863 806 927 multa
836 861 946 927 oceani
974 860 1068 925 litora
1096 861 1335 945 exploraturus

154 987 319 1052 parvoque
339 964 470 1030 brevius
492 987 588 1048 quam
611 975 696 1029 totus
716 962 791 1027 hinc
814 974 869 1027 aut
894 963 982 1028 illinc
1004 963 1178 1047 septentrio
1202 984 1272 1025 ere·

154 1068 306 1155 migatus.
328 1065 377 1130 Ut
398 1077 506 1130 tamen
527 1064 727 1129 coniecturae
748 1063 854 1129 locum
875 1064 921 1128 sic
943 1084 1070 1148 quoque
1091 1084 1156 1127 non
1175 1062 1272 1128 relin-

156 1180 249 1253 quat,
278 1169 392 1255 ingens
414 1176 638 1253 argumentum
660 1165 785 1251 paludis
806 1164 1004 1242 Maeoticae,
1032 1164 1100 1229 sive
1127 1186 1165 1230 ea
1189 1164 1274 1229 illius

156 1269 268 1334 oceani
290 1270 379 1335 sinus
401 1279 468 1346 est,
490 1278 527 1332 ut
545 1267 663 1334 multos
685 1267 817 1333 adverto
840 1267 1024 1345 credidisse,
1048 1267 1116 1332 sive
1137 1276 1274 1354 angusto

156 1371 287 1437 discreti
310 1372 374 1437 situ
395 1370 600 1457 restagnatio.
636 1369 712 1435 Alio
733 1370 833 1435 latere
856 1365 999 1434 Gadium
1020 1369 1062 1435 ab
1084 1368 1196 1439 eodem
1218 1389 1274 1432 oc-

156 1473 283 1538 cidente
304 1494 422 1561 magna
442 1493 518 1557 pars
539 1470 707 1536 meridiani
729 1471 818 1536 sinus
840 1470 963 1536 ambitu
977 1469 1199 1535 Mauretaniae
1214 1492 1273 1533 na-

156 1573 287 1661 vigatur
307 1573 412 1639 hodie.
448 1570 608 1637 Maiorem
632 1571 762 1656 quidem
784 1572 851 1636 eius
873 1582 998 1658 partem
1020 1582 1052 1637 et
1073 1571 1204 1636 orientis
1225 1571 1275 1635 vi-

157 1675 275 1740 ctoriae
289 1674 399 1761 magni
413 1672 592 1739 Alexandri
605 1673 782 1737 lustravere
797 1693 900 1754 usque
914 1671 949 1735 in
962 1672 1137 1737 Arabicum
1160 1673 1275 1752 sinum,

156 1777 191 1840 in
217 1798 281 1859 quo
308 1797 361 1839 res
387 1784 520 1861 gerente
542 1771 581 1837 O.
605 1770 745 1838 Caesare
765 1772 910 1859 Augusti
935 1772 1000 1837 filio
1028 1773 1119 1858 signa
1146 1773 1277 1838 navium

158 1900 199 1941 ex
213 1874 484 1960 Hispaniensibus
501 1874 681 1961 naufragiis
696 1874 844 1938 feruntur
857 1873 976 1959 agnita.
1003 1871 1048 1935 Et
1061 1872 1178 1938 Hanno
1194 1870 1276 1938 Car·
1293 1890 1341 1935 rsa

157 1976 295 2062 thaginis
321 1975 465 2060 potentia
490 1974 623 2039 florente
650 1975 883 2039 circumvectus
905 1996 925 2037 a
947 1970 1095 2038 Gadibus
1117 1974 1159 2038 ad
1180 1963 1286 2038 finem

156 2075 299 2141 Arabiae
321 2075 559 2162 navigationem
582 2098 653 2140 earn
673 2075 815 2161 prodidit
837 2073 975 2157 scripto,
998 2075 1081 2138 sicut
1102 2075 1154 2138 adr
1166 2085 1278 2140 extera

128 2257 129 2260 Ἴ
156 2176 307 2261 Europae
329 2176 492 2242 noscenda
506 2177 623 2242 missus
638 2176 750 2243 eodem
766 2186 909 2261 tempore
923 2174 1074 2242 Himilco.
1103 2174 1278 2242 Praeterea

156 2277 269 2365 Nepos
291 2275 460 2344 Cornelius
487 2289 599 2345 auctor
626 2289 676 2342 est
696 2276 870 2342 Eudoxum
896 2277 1057 2363 quendam
1082 2300 1141 2342 sua
1161 2289 1276 2358 aetate,

85 2434 88 2443 .
157 2402 231 2445 cum
244 2379 426 2464 Lathyrum
446 2402 557 2469 regem
573 2380 710 2466 fugeret,
732 2378 876 2444 Arabico
899 2378 971 2444 sinu
992 2400 1158 2466 egressum
1174 2376 1278 2445 Gadis

156 2503 261 2565 usque
276 2492 481 2568 pervectum,
503 2482 669 2566 multaque
690 2489 765 2545 ante
787 2502 860 2544 eum
880 2477 1011 2548 Caelius
1032 2480 1206 2567 Antipater
1227 2480 1277 2546 vi-

159 2582 246 2647 disse
268 2604 314 2660 se,
337 2583 393 2666 qui
413 2583 599 2668 navigasset
620 2604 660 2646 ex
674 2581 834 2665 Hispania
848 2582 882 2645 in
896 2581 1103 2667 Aethiopiam
1118 2583 1277 2648 conmerci

156 2682 270 2770 gratia.
303 2682 396 2746 Idem
415 2681 526 2768 Nepos
553 2682 594 2746 de
616 2682 857 2765 septentrionali
879 2681 1013 2746 circuitu
1035 2683 1133 2746 tradit
1155 2681 1278 2763 Quinto
1293 2698 1342 2746 17⁰

155 2782 290 2849 Metello
318 2779 425 2846 Celeri
451 2779 492 2844 L.
521 2780 640 2844 Afrani
671 2781 705 2843 in
737 2781 904 2845 consulatu
936 2781 1089 2868 conlegae
1119 2782 1176 2847 sed
1209 2794 1278 2848 tum

157 2987 218 3049 situ,
230 2987 282 3036 Ra.
300 2988 435 3048 situs,Td.
449 2988 505 3040 Om.
519 2989 545 3041 S.
566 3030 597 3038 ..
620 2988 817 3055 restagnatus.
842 2990 869 3041 si
886 2991 996 3054 aquatio,
1009 2990 1044 3055 B.
1071 2999 1109 3042 eat
1124 2992 1237 3056 aquatio,
1254 2994 1279 3042 d.

156 3055 287 3118 ataqnatth,
300 3056 332 3105 T.
351 3096 383 3104 -
401 3056 468 3119 situs,
480 3056 525 3108 12¹.
545 3098 576 3106 ..
595 3057 693 3119 ambitu,
705 3076 728 3108 a.
742 3056 851 3118 ambitus,
862 3057 944 3109 RTd.
963 3100 994 3108 ..
1014 3057 1075 3122 odie,
1086 3060 1119 3109 R.
1138 3100 1170 3109 .-
1189 3059 1278 3110 lustra.

157 3137 213 3172 cere
225 3137 283 3172 cum
299 3126 331 3173 de
346 3123 457 3174 victoriis
474 3132 567 3175 terram
578 3126 690 3189 aliquam
701 3127 871 3191 aperientibus
883 3135 909 3190 et
924 3128 1051 3178 notiorem
1062 3127 1223 3178 reddentibus
1234 3129 1280 3178 vix

157 3190 206 3239 dici
213 3191 300 3253 possit,
310 3198 339 3240 ut
348 3191 418 3242 cuius
426 3193 496 3243 verbi
509 3194 547 3244 vis
556 3195 658 3258 propria
666 3196 698 3244 sit
707 3195 823 3256 adeundi,
832 3197 999 3258 percurrendi,
1009 3196 1280 3256 aanscundiffllinium

156 3254 331 3309 inlustram'sse
341 3260 458 3311 existimo
464 3263 598 3326 scripsisse,
609 3276 674 3325 quae
682 3264 837 3327 praepositio
846 3262 968 3313 facillima
976 3265 1067 3314 ultima
1075 3265 1160 3314 littera
1168 3264 1278 3326 proximi

155 3326 266 3375 nominis
291 3327 419 3377 absorberi
443 3331 534 3392 potuit.
570 3329 689 3380 Ceterum
705 3337 789 3379 totum
808 3331 878 3379 hunc
897 3331 985 3380 locum
1006 3333 1139 3395 exscripsit
1158 3333 1278 3382 Martian.

156 3392 219 3456 Cap.
233 3399 255 3454 6,
269 3399 325 3444 621.
344 3435 376 3444 -
395 3399 549 3460 agentaTd.
563 3437 595 3445 ..
612 3395 724 3457 e.,1t²a.
737 3397 934 3448 omnimo.
953 3437 985 3446 ..
1007 3396 1217 3460 Hispaniamium,
1229 3399 1278 3448 Bb

144 3461 364 3524 'Hispaaeasibua
377 3478 399 3510 a.
418 3502 451 3512 ..
470 3465 556 3528 aperite,
568 3464 593 3512 R
605 3461 630 3526 (e
641 3477 674 3512 ex
687 3460 763 3525 corr.)

189 3526 274 3586 §lea
298 3529 471 3590 circumvectis,
488 3544 511 3579 σ.
535 3531 661 3592 circumve,
677 3530 721 3579 1³¹.
746 3570 777 3579 ..
800 3528 909 3591 dextera,
931 3532 967 3579 d'.
986 3530 1103 3591 datram,
1119 3531 1225 3580 Robert.
1245 3572 1276 3581 ..

154 3594 265 3659 Europa,
277 3595 321 3645 1³¹.
342 3636 373 3645 -
391 3598 547 3659 noscendam,
563 3598 666 3648 Robert.
686 3638 717 3647 -
735 3595 830 3661 Nepos,
841 3597 957 3660 fragmm.
969 3613 994 3661 p.
1008 3604 1065 3648 368.
1078 3600 1156 3649 Heus.
1176 3640 1207 3647 ..
1225 3597 1278 3648 Ea-

155 3662 289 3724 documii.
301 3661 500 3726 mortuaest
513 3664 662 3727 Eudorium,
675 3667 711 3716 d2.
724 3666 866 3728 nxscripsn
875 3666 973 3715 Plinius
985 3667 1011 3714 h.
1024 3666 1041 3715 1.
1054 3667 1202 3717 MelamIIL
1216 3671 1240 3727 9,
1253 3674 1276 3717 3.

155 3770 187 3780 ,.
207 3731 334 3794 quendam,
346 3731 447 3781 Ra²d².
466 3733 596 3796 quondam,
610 3735 645 3782 a'.
669 3723 798 3800 qussudam,
817 3733 853 3782 (1¹.
873 3774 904 3782 ..
922 3730 1068 3799 Lathyrum,
1085 3735 1129 3782 ad.
1152 3733 1278 3799 Latyrum,

154 3796 186 3845 R.
204 3795 350 3858 Latiarum,
362 3812 387 3861 r.
404 3839 436 3847 ..
454 3799 554 3866 supere,
572 3799 621 3848 R¹.
645 3842 675 3849 ..
702 3799 797 3860 Gades,
815 3802 871 3850 a2d.
898 3800 987 3861 Gades,
1008 3800 1033 3849 R
1049 3796 1278 3864 (aetesineorr.)

155 3858 321 3979 'qssiium'pii'
341 3903 372 3912 -
395 3862 534 3928 Antipater,
554 3881 578 3915 v.
595 3867 702 3928 Krause,
717 3869 834 3930 fragmm.
852 3867 939 3917 histor.
954 3867 1030 3916 Rom.
1051 3872 1146 3930 p.199.
1167 3909 1197 3917 -
1216 3866 1280 3918 dicit

154 3947 178 3978 vt
197 3947 252 3991 aere,
308 3967 314 3979 .

188 3995 203 4055 ξ
218 4001 273 4047 170.
292 4013 321 4047 ne
330 4007 393 4062 post,
405 3999 453 4048 R'.
464 3999 583 4050 Ceterum
594 4014 617 4049 v.
631 4001 737 4062 Nepotis
749 3999 865 4062 fragmm.
878 4015 902 4063 p.
916 4004 973 4052 367.
986 4001 1064 4050 Heus.
1078 4042 1108 4048 -
1122 4004 1197 4054 tradit
1207 4018 1278 4068 prac-

154 4064 274 4128 positioni
292 4061 323 4114 de
340 4066 478 4128 praemittit
494 4068 520 4115 d.
535 4106 567 4115 ..
587 4065 654 4127 Celti,
673 4069 689 4115 d
711 4063 746 4129 (ii
763 4068 789 4116 in
813 4063 920 4128 rasura.)
942 4067 1038 4117 Iterum
1058 4069 1124 4119 Plin.
1146 4072 1279 4136 exscripsit

154 4133 250 4182 Melam
261 4132 384 4193 111.s,s.
404 4172 435 4181 -
453 4130 494 4195 L,
515 4133 609 4183 Sabell.
630 4134 657 4182 in
677 4135 742 4183 curis
755 4135 877 4183 secundis.
899 4132 935 4194 0,
948 4128 999 4196 813.
1025 4136 1112 4186 omitt.
1125 4140 1226 4191 RTad.
1247 4180 1277 4190 .-

154 4197 266 4262 Asranii,
284 4199 378 4250 Sabell.
404 4201 477 4252 Tad.
501 4199 626 4264 Afrreaui,
643 4201 698 4262 RS,
722 4203 789 4264 quod
806 4204 895 4265 probat
913 4199 1006 4253 Sabell.
1033 4205 1137 4257 inauris
1153 4208 1278 4269 secundis,

154 4267 202 4316 nisi
214 4281 283 4317 error
294 4275 332 4319 est
343 4269 548 4333 typographicae.
569 4307 597 4317 -
618 4266 681 4332 dura,
693 4270 724 4321 R.
