2888 4794
620 301 729 347 urana
751 302 774 346 1.
1213 284 1253 349 37

133 473 308 518 caseorum.
340 449 553 518 Differentiae
575 453 790 519 membrorum
810 452 974 518 hominum
996 476 1016 517 a
1037 451 1168 538 reliquis
1183 452 1253 517 ani·

134 553 281 620 malibus.
309 554 363 619 De
385 554 506 641 digitis.
535 553 588 621 De
609 554 810 621 bracchiis⁴⁰.
843 554 897 622 De
919 556 1083 621 simiarum
1104 555 1253 621 similitu-

134 655 218 722 dine.
254 655 307 722 De
333 654 505 744 unguibus.
542 653 596 721 De
621 656 760 744 genibus
787 666 819 722 et
846 656 1031 743 poplitibus.
1069 656 1108 721 In
1136 656 1254 742 quibus

133 756 285 822 membris
300 758 440 843 eorporis
454 757 587 822 humani
603 780 693 823 sacra
707 758 820 846 religio
829 762 864 825 ⁴¹.
892 758 1037 824 Varieea
1059 757 1112 824 De
1127 781 1252 846 gressu.

133 857 187 924 De
195 862 221 900 ⁴²
248 858 385 945 pedibus
414 871 447 924 et
473 859 629 925 cruribus.
672 858 726 926 De
753 860 891 948 ungulis.
935 859 1111 926 Volucrum
1141 859 1252 945 pedes.

133 959 240 1026 Pedes
260 961 445 1025 animalium
467 984 486 1025 a
506 961 591 1026 binis
612 962 655 1025 ad
676 971 827 1028 centenos
836 965 870 1027 ⁴³.
906 961 960 1027 De
980 961 1208 1048 pumilionibus
1217 963 1252 1026 ⁴⁴.

133 1061 187 1129 De
208 1063 410 1150 genitalibus.
438 1062 492 1129 De
507 1063 784 1150 hermaphroditis.
814 1063 867 1130 De
890 1064 1035 1129 testibus.
1065 1063 1179 1128 Trium
1192 1085 1253 1151 ge-

134 1187 249 1231 nerum
269 1164 419 1230 semiviri.
447 1164 500 1231 De
522 1165 643 1231 caudis.
672 1163 726 1231 De
748 1164 879 1231 vocibus
901 1165 1096 1231 animalium.
1125 1163 1179 1230 De
1193 1164 1252 1229 ad-

134 1264 338 1331 nascentibus
364 1266 525 1332 membris.
564 1266 743 1331 Vitalitatis
772 1276 804 1332 et
824 1289 950 1333 morum
970 1277 1066 1332 notae
1088 1288 1130 1332 ex
1150 1287 1252 1332 mem·

134 1367 200 1433 bris
220 1366 394 1434 hominum.
430 1367 483 1434 De
505 1368 620 1432 anima.
657 1366 745 1433 De⁴⁸
766 1368 863 1434 victu.
899 1365 994 1449 Quae
1015 1390 1138 1434 veneno
1159 1378 1254 1454 pasta

133 1469 205 1555 ipsa
236 1472 335 1534 non⁴⁶
366 1480 500 1555 pereant
526 1479 559 1534 et
585 1479 717 1556 gustata
742 1481 866 1535 necent.
919 1466 1047 1550 Quibus
1075 1470 1117 1534 de
1147 1469 1253 1535 causis

133 1570 228 1637 homo
248 1593 313 1637 non
334 1581 511 1656 concoquat
519 1573 554 1636 ⁴⁷.
590 1569 644 1636 De
666 1570 816 1636 remediis
841 1571 1046 1636 cruditatum.
1084 1568 1252 1652 Quemad-

134 1671 265 1737 modum
297 1673 494 1759 corpulentia
527 1671 708 1759 contingat,
745 1671 1048 1755 quemadmodum⁴8
1080 1672 1252 1737 minuatur.

136 1771 231 1855 Quae
252 1784 353 1862 gustu
374 1774 492 1839 famem
513 1784 547 1841 et
569 1773 654 1838 sitim
664 1776 689 1814 ⁴⁹
718 1771 839 1837 sedent.
884 1768 1035 1838 Summa:
1063 1782 1176 1838 reret
1201 1772 1251 1837 hi-

135 1874 251 1941 storiae
272 1886 305 1942 et
326 1875 563 1942 observationes
584 1890 765 1937 mmocnxx
774 1875 808 1935 ⁶⁰.

176 1975 234 2040 Ex
254 1975 510 2041 AUCTORIBUS:
546 1975 594 2040 M.
617 1974 775 2052 Varrone,
805 1971 949 2061 Hygino,
980 1969 1105 2052 Scrofa,
1136 1970 1251 2039 Saser-

134 2080 220 2157 ua⁵¹,
251 2075 347 2145 Celso
369 2075 529 2156 Cornelio,
556 2074 697 2141 Aemilio
723 2073 847 2153 Macro,
876 2073 1032 2161 Vergilio,
1063 2071 1251 2154 Columella,

134 2177 216 2246 Iulio
237 2178 360 2266 Aquila
368 2183 394 2222 ⁵²
415 2179 472 2263 qui
493 2178 533 2243 de
548 2177 686 2244 Etrusca
701 2176 871 2262 disciplina
890 2176 1062 2262 scripsitffi,
1085 2171 1253 2261 Tarquitio

135 2280 192 2364 qui
216 2281 308 2361 item,
344 2280 510 2348 Umbricic
537 2279 672 2346 Meliore
681 2283 708 2321 ⁶4
735 2279 790 2365 qui
817 2278 912 2357 item,
947 2275 1071 2343 Catone
1098 2277 1252 2357 censorio,

136 2380 278 2450 Domitio
300 2380 444 2462 Calvino,
467 2381 585 2473 Trogo,
610 2379 755 2459 Melisso,
782 2379 930 2446 Fabiano
938 2383 973 2459 ⁶⁵,
1001 2378 1164 2460 Muciano,
1192 2378 1252 2444 Ni-

136 2482 234 2571 gidio,
256 2481 392 2550 Manilio
403 2486 431 2563 *,
455 2480 563 2570 Oppio
572 2486 606 2549 ⁶⁶.

177 2583 381 2651 Exnnnnls:
415 2584 600 2662 Aristotele,
626 2583 822 2662 Democrito,
853 2581 1063 2668 Neoptolemo
1091 2583 1147 2667 qui
1174 2585 1253 2666 μελι·

136 2687 321 2770 respecta,
351 2685 576 2752 Aristomacho
602 2686 658 2770 qui
683 2687 770 2764 item,
798 2683 934 2748 Philisto
963 2683 1019 2767 qui
1044 2683 1122 2747 item
1131 2684 1166 2761 ⁶⁸,
1193 2682 1253 2749 Ni·

136 2785 266 2865 candro,
292 2785 490 2864 Menecrate,
518 2786 676 2870 Dionysio
697 2786 754 2871 qui
774 2785 950 2874 Magonem
972 2783 1143 2860 banstulit,
1171 2782 1252 2848 Em-

136 2887 280 2974 pedocle,
304 2884 511 2966 Callimacho,
538 2885 650 2952 Attalo
671 2910 758 2975 rege,
785 2886 981 2973 Apollodoro
1003 2885 1060 2970 qui
1080 2884 1122 2950 de
1143 2884 1254 2952 bestiis

136 2988 313 3068 venenatis,
335 2987 544 3075 Hippocrate,
567 2987 742 3074 Herophilo
751 2992 786 3068 ⁶⁹,
813 2989 1019 3066 Erasistrato,
1047 2984 1253 3074 Asclepiade,

135 3086 340 3168 Themisone,
362 3089 532 3158 Posidonio
555 3087 673 3167 Stoico,
694 3088 882 3156 Menandris
896 3091 1071 3156 Prienense
1094 3099 1127 3154 et
1146 3088 1254 3154 Hera·

137 3190 238 3257 cleote
247 3195 283 3269 ⁶⁰,
304 3190 490 3279 Euphronio
511 3192 690 3269 Athenaeo,
714 3190 944 3278 Theophrasto,
966 3192 1121 3271 Hesiodo,
1143 3190 1254 3259 Philo-

136 3302 259 3361 metore
279 3315 367 3381 rege.

137 3508 263 3571 bacchicis,
276 3509 307 3559 T.
342 3516 383 3560 41.
400 3527 475 3561 sacro
492 3510 582 3577 religio,
599 3511 654 3561 Td.
672 3510 806 3576 acerelipio,
819 3510 850 3560 Β.
868 3527 899 3559 oc
916 3510 1040 3576 religioe.
1076 3519 1116 3562 42.
1135 3513 1183 3573 De,
1201 3513 1253 3562 Ra.

136 3577 231 3637 ea'rd
263 3582 304 3627 43.
322 3587 435 3640 centenos,
447 3579 525 3629 Hard.
544 3579 686 3639 centesimos,
698 3579 799 3628 RTad.
832 3584 872 3627 44.
888 3578 1119 3642 popiliombaa‚Td.
1151 3584 1191 3629 45:
1204 3580 1253 3640 De,

136 3644 188 3693 Ra.
206 3644 301 3705 et,Td.
337 3652 506 3707 tammum.
519 3647 550 3697 T.
586 3647 824 3710 47.conqueat‚Ra.
860 3646 1253 3710 48.quemadmodum‚Ra.qao·

136 3727 212 3789 maa,
224 3729 278 3779 ru.
314 3736 354 3780 49.
366 3731 469 3791 aare,
481 3732 533 3781 aa
545 3732 659 3794 reamque,
672 3732 724 3781 rr.
744 3715 1252 3791 50.a1MOOLXX,T.lZd‘00.D00.

136 3811 258 3864 Aldill.
272 3810 404 3874 CCLXX,
421 3817 444 3864 d.
466 3813 537 3865 CCC.
547 3813 628 3875 DCC,
646 3817 698 3864 Ra.
743 3821 782 3864 51.
802 3814 919 3875 Saserna,
945 3816 997 3864 Rd.
1025 3812 1156 3872 Sosaerna,
1175 3806 1252 3862 OTa.

137 3883 178 3929 52.
195 3879 297 3944 Aquilo,
319 3895 369 3929 om.
391 3884 414 3932 d.
456 3888 496 3932 53.
514 3883 616 3946 scripsit,
638 3897 688 3931 om.
705 3885 728 3931 d
769 3888 808 3933 54.
831 3882 942 3943 Meliore,
959 3882 1044 3931 RTd.
1067 3880 1185 3941 Moriere,
1204 3874 1252 3931 Oa.

137 3951 178 3997 55.
188 3946 311 4009 Fabiano,
323 3950 404 3999 RTd.
422 3949 531 3999 Favonio
542 3950 661 4010 ber'ano,
672 3965 690 3998 a
701 3947 787 4010 (codd.
800 3948 889 4011 Barb.)
907 3947 933 4010 ¹¹)
944 3947 1057 4007 Manilio,
1070 3949 1106 3997 ita
1126 3963 1174 3998 noa
1194 3950 1253 3999 seri·

135 4014 245 4078 primun
253 4030 278 4064 v.
287 4018 320 4066 ad
331 4022 370 4077 10,
380 4023 403 4065 4.
413 4016 532 4076 Momdio,
541 4016 643 4066 RTad.
665 4023 705 4066 56.
718 4016 802 4080 Oppio,
812 4010 911 4066 ROad.
927 4014 994 4078 Opto,
1005 4017 1035 4065 T.
1063 4020 1102 4067 ot.
1114 4010 1254 4082 μελιτουρ-

135 4076 206 4144 read,
232 4083 385 4134 Harduinus.
403 4084 549 4150 meldarpio,
566 4084 597 4133 T.
624 4083 776 4148 melirsorpit,
793 4084 866 4132 Rad.
894 4082 1034 4148 mederurpi,
1047 4086 1120 4134 codd.
1141 4085 1255 4135 Barbari.

136 4153 176 4199 58.
188 4148 298 4212 totta,
309 4152 363 4201 Rd.
380 4152 493 4213 Philisco,
507 4145 678 4210 d'Ptitircho,
690 4168 712 4199 a
730 4150 832 4200 Philtra
849 4151 893 4212 qui
904 4149 963 4208 item,
981 4165 1031 4200 om.
1045 4152 1076 4200 T.
1119 4157 1158 4201 59.
1176 4151 1255 4202 Hero-

133 4216 208 4279 philo,
224 4218 250 4267 d.
272 4219 397 4284 Erophr'lo,
414 4221 474 4270 ΒΤ.
492 4218 606 4285 Eropylo,
624 4219 676 4269 Ra.
721 4223 761 4268 60.
779 4217 882 4269 Prieneo
900 4226 921 4267 et
932 4217 1094 4281 Heracleotes,
1104 4220 1135 4270 T.
1153 4220 1256 4271 Prieneo

134 4291 158 4333 et
170 4283 347 4349 Heraebdeaer',
362 4289 385 4336 d.
401 4287 482 4352 priene
495 4285 647 4347 thernclr'den,
663 4286 693 4336 R.
707 4285 927 4351 prieneterach'dcu,
944 4302 965 4335 a.
