2888 4794
180 232 242 296 184
529 247 734 296 utrumme
756 249 952 298 nrsromns

220 378 439 467 LXXXVII.
470 401 521 464 89.
545 399 659 466 Clarae
680 400 744 465 iam
765 402 890 488 pridem
910 401 1033 467 insulae
1047 400 1148 468 Delos
1164 413 1197 468 et
1211 403 1302 470 Rho-

180 504 238 569 dos
259 504 431 570 memoriae
451 502 633 589 produntur
654 514 776 569 enatae.
808 503 928 570 Postea
948 503 1098 582 minores,
1121 505 1205 570 ultra
1226 503 1303 572 Me·

178 608 234 672 Ion
259 605 419 692 Anaphe,
448 606 532 670 inter
558 603 719 671 Lemnum
749 616 781 672 et
805 605 1052 692 Hellespontum
1078 604 1189 685 Neae,
1218 607 1305 673 inter

178 706 349 773 Lebedum
368 717 402 773 et
415 706 506 772 Teon
520 706 658 784 Halone,
680 708 763 773 inter
779 705 939 793 Cycladas
954 708 1145 794 olympiadis
1167 725 1303 774 cxxxv.

178 831 261 885 anno
277 818 392 893 quarto
407 806 515 873 Thera
530 819 563 874 et
577 808 741 888 Therasia,
757 809 841 875 inter
855 810 985 875 easdem
999 820 1075 896 post
1088 833 1188 876 annos
1205 827 1304 876 cxxx

177 910 280 976 Hiera
295 911 471 996 eademque
485 911 661 978 Automate
683 922 716 977 et
735 912 774 977 ab
796 935 834 978 ea
848 911 974 979 duobus
989 912 1103 978 stadiis
1116 924 1191 999 post
1204 935 1305 979 annos

180 1029 229 1078 cx
250 1014 284 1078 in
305 1024 417 1079 nostro
439 1036 518 1079 aevo
532 1012 581 1079 M.
596 1012 691 1079 Iunio
708 1012 818 1079 Silano
831 1012 873 1078 L.
888 1013 990 1080 Balbo
1012 1036 1093 1081 coss.
1117 1037 1145 1079 a.
1169 1014 1200 1078 d.
1225 1032 1321 1083 vm..

179 1114 253 1181 idus
274 1108 374 1180 Iulias
395 1114 488 1180 Thia.

220 1214 456 1283 LXXXVIII.
490 1216 578 1282 Ante
593 1240 658 1283 -nos
681 1229 714 1283 et
733 1219 825 1284 iuxta
846 1218 974 1284 Italiam
995 1221 1079 1284 inter
1099 1217 1231 1285 Aeolias
1252 1219 1304 1283 in·
1318 1239 1371 1284 eoa

179 1318 283 1396 sulas,
310 1319 389 1383 item
414 1318 506 1383 iuxta
534 1317 666 1384 Cretam
693 1321 823 1386 emersit
849 1339 930 1385 ΜΜΙ)
957 1344 1111 1409 passuum
1137 1343 1202 1386 una
1231 1342 1306 1386 cum

180 1418 292 1486 calidis
307 1419 461 1499 fontibus,
477 1421 578 1486 altera
592 1421 783 1507 olympiadis
799 1439 921 1488 caxm.
936 1445 1021 1489 anno
1037 1424 1131 1489 tertio
1145 1423 1180 1488 in
1193 1422 1304 1488 Tusco

180 1522 278 1601 sinu,
299 1521 440 1610 flagrans
466 1521 545 1588 haec
570 1523 709 1590 violento
732 1547 805 1589 cum
826 1523 915 1592 flatu.
943 1524 1160 1609 Proditurque
1181 1546 1305 1590 memo·

178 1623 246 1689 riae
265 1643 385 1712 magna
405 1624 489 1689 circa
504 1623 591 1691 illam
604 1624 808 1692 multitudine
822 1626 960 1712 piscium
973 1625 1120 1691 fluitante
1134 1624 1306 1717 confestim

179 1726 359 1813 exspirasse
382 1725 501 1810 quibus
523 1748 564 1792 ex
585 1726 634 1792 his
657 1726 748 1793 cibus
770 1727 897 1793 suisset.
927 1724 985 1794 Sic
1004 1737 1037 1793 et
1049 1725 1257 1793 Pithecussas
1270 1725 1306 1790 in

180 1824 346 1914 Campano
361 1828 433 1894 sinu
448 1828 556 1893 ferunt
570 1837 670 1908 ortas,
693 1850 770 1894 mox
782 1830 817 1894 in
831 1828 882 1895 his
896 1839 1039 1895 montem
1054 1828 1207 1916 Epopon,
1231 1851 1306 1894 cum

178 1941 312 2017 repente
333 1929 462 1995 flamma
483 1953 524 1995 ex
546 1951 585 1995 eo
607 1930 807 2010 emicuisset,
837 1931 1010 2016 'campestri
1037 1940 1218 2023 aequatum?
1233 1931 1305 2016 pla-

179 2032 286 2098 nitiae.
316 2031 356 2096 In
376 2032 488 2097 eadem
507 2041 541 2096 et
559 2033 714 2119 oppidum
732 2033 883 2098 haustum
899 2032 1059 2120 profrmdo
1074 2034 1201 2117 alioque
1215 2040 1307 2096 motu

76 2130 79 2138 '
181 2144 286 2199 terrae
301 2143 452 2220 stagnum
467 2132 634 2199 emersisse
650 2144 682 2198 et
702 2132 764 2198 alio
786 2134 965 2220 provolutis
986 2133 1147 2202 montibus
1168 2133 1306 2199 insulam

170 2226 343 2300 'exstitisse
365 2233 571 2319 Prochytam.

213 2479 322 2544 primae,
338 2479 426 2528 R¹a¹.
453 2519 483 2528 ..
506 2477 685 2542 Deluetrlrooa,
702 2481 735 2532 A.
755 2521 786 2529 -
809 2481 933 2543 memoria,
952 2483 1001 2544 Rr,
1017 2485 1088 2546 quod
1099 2496 1151 2532 non
1167 2495 1303 2546 aspernari·

182 2549 243 2598 dnm
265 2547 326 2596 dicit
347 2548 465 2597 Oudend.
488 2550 521 2598 sd
538 2547 631 2612 Obseq.
647 2549 747 2612 prodig.
765 2554 806 2598 86.
842 2549 910 2600 Add.
926 2550 1056 2602 Drakenb.
1078 2551 1111 2600 nd
1125 2549 1181 2600 Lir.
1198 2555 1244 2611 40,
1262 2553 1304 2598 29.

182 2655 215 2664 -
233 2621 330 2676 erratas,
347 2615 397 2665 Re
420 2623 444 2664 et
459 2623 543 2678 natae,
558 2615 681 2666 amaa
701 2615 731 2665 ’-
752 2615 830 2679 vino,
846 2618 896 2668 R¹.
915 2657 947 2667 ..
972 2615 1055 2668 Melon
1070 2615 1185 2682 Artapbe,
1200 2616 1234 2666 A.
1257 2633 1306 2666 me·

181 2680 311 2746 leonense,
333 2683 357 2732 d.
394 2679 547 2744 Melonctlre,
572 2685 623 2734 R².
655 2682 748 2734 measa
773 2682 865 2748 coplae,
886 2687 926 2735 ab
958 2680 1105 2746 Meloncae,
1130 2684 1179 2736 13¹.
1210 2681 1307 2734 melone

271 2754 368 2883 aa,
387 2749 688 2884 ruatber
705 2750 832 2883 tnta).
848 2750 1002 2884 itant
1016 2752 1158 2872 aare}
1173 2747 1307 2880 ata:

181 2887 276 2938 Asu.
294 2885 408 2949 Lesbum,
424 2883 599 2949 a¹‚(Richel.)
622 2885 738 2949 Beatum,
753 2887 785 2938 R.
808 2885 913 2949 Lesbon,
928 2880 957 2937 θ.
981 2928 1014 2938 ..
1040 2888 1112 2948 Teon,
1128 2886 1204 2938 Aa².
1228 2883 1306 2946 theon,

181 2952 357 3018 defflichel.)
372 2963 452 3019 pateo,
468 2953 538 3004 Ra¹.
556 2995 589 3004 ..
606 2953 709 3016 Aleuae,
726 2955 760 3006 A.
774 2995 805 3004 ..
823 2953 976 3018 CXXXV..
988 2957 1032 3006 ad.
1050 2953 1145 3007 XXX
1149 2954 1187 3016 V,
1198 2956 1229 3006 R.
1248 2968 1305 3003 cen-

183 3032 232 3080 tum
243 3019 349 3083 XLII,
360 3022 394 3072 A.
406 3023 514 3086 Propter
525 3023 703 3088 discrepantias
715 3024 916 3088 chronologicas,
933 3038 998 3088 quae
1009 3023 1094 3074 Plinio
1109 3025 1136 3072 h.
1148 3023 1165 3072 l.
1179 3036 1237 3072 cum
1249 3022 1307 3072 aliis

184 3090 347 3155 scriptoribus
363 3090 528 3151 intercedunt,
544 3091 716 3141 mulnisae
733 3093 841 3142 mutarit
856 3091 932 3142 Petit.
949 3091 1049 3142 obsaI.
1064 3098 1085 3141 1.
1098 3097 1160 3154 pti.
1179 3129 1212 3139 ..
1230 3087 1307 3152 thero,

182 3158 216 3208 A.
235 3198 267 3206 ..
285 3154 346 3218 XL,
357 3158 456 3208 Brotcr.
474 3197 506 3207 ..
525 3159 610 3208 ecdem
622 3174 694 3222 quoe,
706 3175 733 3210 r..
745 3200 777 3208 ..
796 3169 825 3220 et,
837 3159 971 3210 R²ATd
991 3160 1080 3211 Omitt.
1092 3159 1134 3210 R¹
1147 3149 1197 3207 Oa.
1216 3196 1248 3206 ..
1267 3172 1307 3218 ec,

181 3218 344 3275 RATOad.
368 3223 426 3275 Om.
446 3219 476 3286 β.
499 3265 531 3276 ..
553 3223 615 3288 LX,
632 3227 689 3277 R²·.*
714 3223 829 3290 CXXV,
845 3229 924 3278 Hard
955 3224 1130 3288 CCXXXIL
1148 3227 1248 3276 Brote'r.
1274 3264 1304 3274 ..

182 3290 222 3341 M.
234 3290 310 3341 Iunio
323 3291 418 3354 Sileno,
430 3293 522 3343 Rad2.
541 3293 616 3345 Iunio
628 3291 723 3356 Silano,
734 3295 783 3347 Ad
791 3296 809 3345 ¹.
826 3295 865 3346 M.
877 3294 951 3346 Iunio
999 3295 1072 3355 Hane,
1083 3289 1113 3357 β.
1131 3292 1206 3343 Iunio
1218 3290 1306 3356 Sylla-

182 3375 221 3421 no,
233 3359 259 3410 S.
282 3358 354 3410 Iunio
371 3358 492 3425 Syllana,
509 3352 538 3410 θ.
561 3360 600 3413 Μ.
613 3361 790 3426 IulioSilano,
805 3364 836 3414 Τ.
862 3403 891 3412 ..
915 3360 954 3412 Μ.
991 3352 1306 3423 aeliossaualvrdd.

184 3424 369 3491 casalialto,
381 3430 416 3481 Α.
442 3427 468 3480 O.
481 3427 655 3493 tetartaeo,
667 3432 718 3482 Ra
740 3430 779 3482 Μ.
791 3428 880 3481 Laelio
890 3428 983 3492 Balbo,
995 3430 1022 3482 S.
1044 3445 1113 3480 mero
1126 3426 1190 3478 tellio
1210 3425 1308 3492 (prima

182 3497 259 3547 huius
270 3497 380 3548 nominis
396 3498 481 3548 littera
496 3499 522 3547 in
539 3497 638 3562 rasura)
656 3497 728 3560 ballo,
740 3515 763 3548 a.
785 3499 857 3550 Haec
868 3499 956 3549 omnia
972 3498 1076 3549 nomina
1088 3512 1146 3546 curn
1158 3497 1306 3556 sintcorru·

182 3573 235 3629 pta,
250 3565 382 3628 vulgatam
398 3566 533 3616 lectionem
544 3567 651 3617 retinere
662 3567 750 3627 malui,
762 3581 821 3617 cum
833 3568 914 3616 Tacit.
923 3566 1007 3617 annal.
1021 3572 1045 3628 2,
1056 3572 1096 3616 59.
1108 3562 1165 3628 (ubi
1176 3579 1200 3615 r.
1209 3559 1307 3627 Ryck.)

182 3634 288 3752 epmlp.
303 3633 453 3747 Nprbanum
470 3635 543 3685 dieat.
562 3675 594 3686 ..
617 3650 666 3693 cos,
682 3631 716 3683 A.
736 3672 768 3682 ..
791 3634 833 3694 ad,
849 3630 910 3695 Αβ.
934 3631 1003 3696 udor,
1016 3635 1048 3684 R.
1067 3674 1099 3683 ..
1117 3630 1190 3692 Iulii,
1208 3633 1253 3681 ad.
1273 3670 1306 3679 ..

186 3709 237 3765 ty,
281 3700 437 3762 1.tez',R².
582 3718 584 3722 ·
675 3711 679 3719 '
815 3709 817 3714 '
968 3744 1002 3765 ¹.
1057 3747 1060 3755 ,
1181 3707 1183 3711 “
1330 3747 1333 3752 .

216 3771 232 3832 ξ
245 3775 302 3818 203.
321 3777 349 3830 er,
365 3785 415 3819 om.
431 3787 452 3821 r.
469 3764 744 3834 Hane'paragraphum
760 3769 898 3834 respiciunt
908 3769 978 3822 Serv.
991 3771 1025 3820 ad
1035 3769 1114 3832 Verg.
1126 3769 1192 3820 Aen.
1206 3773 1229 3827 9,
1245 3769 1303 3817 715.

184 3836 415 3888 sacrosancae
428 3843 451 3900 5,
466 3844 531 3900 101,
543 3844 649 3902 uterque
660 3845 746 3888 tamen
755 3837 840 3888 Plinio
852 3839 964 3888 tribuens
977 3853 1042 3900 quae
1054 3839 1122 3902 apud
1134 3851 1192 3886 eum
1204 3850 1257 3884 non
1268 3835 1306 3884 le-

184 3913 285 3966 guntur.
304 3946 336 3954 ..
356 3902 525 3967 Cretcmom.
547 3906 598 3956 1³1.
622 3946 653 3954 ..
677 3904 779 3967 emersit,
800 3906 934 3956 aaran.
965 3904 1090 3965 ,emesae
1111 3903 1183 3965 mari,
1204 3899 1255 3970 βγ.
1274 3942 1306 3951 -

185 3969 285 4034 MMD,
305 3974 439 4025 RATad.
470 3970 536 4034 MD,
558 3969 587 4034 β.
616 4015 647 4023 ..
670 3990 786 4038 pascuus,
806 3976 857 4026 R2.
885 4013 917 4022 ..
943 3972 1028 4034 altero,
1048 3973 1082 4024 A.
1107 4012 1139 4022 ..
1165 3967 1307 4029 GLXIIL,

184 4038 314 4090 R1A'rs
323 4032 395 4092 fiad.
417 4039 535 4104 eLXV,
545 4042 596 4092 Bt.
622 4038 763 4104 CXLIIL,
774 4037 803 4104 β.
821 4042 880 4093 vic
892 4041 998 4097 Petitl.
1009 4041 1027 4091 l.
1040 4055 1064 4104 p.
1080 4047 1118 4090 ll.
1132 4079 1164 4090 ..
1177 4037 1244 4100 aaa,
1256 4052 1307 4088 om.

186 4105 212 4156 S.
225 4106 321 4169 ...flat
333 4109 385 4159 R1.
399 4149 430 4159 ..
442 4108 563 4160 Proditur
574 4125 675 4175 quoque,
687 4127 707 4161 r.
720 4151 752 4160 ..
764 4125 873 4173 myrrae,
885 4111 920 4160 A.
933 4149 965 4160 ...
978 4107 1055 4171 idam,
1063 4109 1096 4159 R.
1115 4125 1175 4168 eam,
1184 4107 1261 4158 Aad.
1274 4145 1306 4156 .-

186 4170 365 4237 ualitudines,
381 4177 414 4230 A.
434 4219 465 4228 ..
481 4178 567 4242 fluunt
583 4187 646 4241 cute,
661 4178 696 4229 A.
714 4219 747 4228 -
770 4177 811 4239 ie,
827 4192 851 4228 σ.
870 4177 1007 4245 ..μήκη
1023 4179 1066 4227 a1.
1085 4217 1116 4227 -
1136 4174 1177 4237 iis,
1193 4176 1250 4226 Aa.
1274 4214 1305 4224 ..

186 4237 323 4305 Ερονηοιιηι,
334 4243 402 4294 Pint.
419 4261 451 4297 ex
468 4244 549 4297 Strab.
572 4251 595 4296 5.
611 4261 636 4310 p.
654 4252 720 4308 248,
736 4247 780 4296 ubi
796 4261 819 4296 r.
836 4245 950 4296 Kramer.
970 4260 995 4309 p.
1012 4249 1070 4296 893.
1096 4285 1127 4294 ..
1143 4243 1264 4307 flammae
1279 4250 1306 4292 et
