2888 4794
356 307 427 355 un.
443 306 481 354 11.
511 304 588 354 aar.
606 305 705 352 nxrx.
722 305 806 351 nxx.
837 303 934 351 snas.
950 305 1042 350 err-ra
1191 286 1251 349 173

886 381 898 405 .

135 473 231 550 gusto
260 461 523 546 cognominavere
547 455 698 523 Caesaris
728 458 873 534 thronon,
901 456 1037 545 insignis
1065 454 1110 522 ibi
1132 456 1251 520 stellas.

136 563 295 645 Adeoque
323 561 493 626 manifesto
520 560 699 646 adsurgens
726 557 890 645 fastigium
920 569 1072 623 curvatur
1098 569 1134 622 ut
1155 579 1252 623 cauo-

136 687 197 750 pus
219 674 365 749 quartam
388 664 457 728 fere
478 673 603 746 partem
624 659 710 747 signi
730 659 827 724 unius
854 680 952 746 supra
974 670 1088 723 terram
1112 659 1252 724 eminere

135 764 351 832 Alexandriae
378 763 577 828 intuentibus
608 761 773 839 videatur,
807 762 919 826 eadem
946 783 966 824 a
993 758 1107 826 Rhodo
1135 771 1253 826 terram

135 865 370 952 quodammodo
398 865 501 951 ipsam
524 862 692 950 stringere,
720 862 754 925 in
775 861 879 926 Ponto
904 860 1032 927 omnino
1053 882 1118 926 non
1139 884 1251 928 cerna-

136 981 199 1047 tur,
222 967 278 1034 ubi
301 989 449 1031 maxume
471 964 615 1032 sublimis
631 962 814 1050 septentrio.
835 962 928 1028 Idem
949 960 1097 1026 aRhodo
1116 963 1253 1029 abscon-

135 1071 223 1135 ditur
252 1069 420 1155 magisque
451 1065 688 1144 Alexandriam
726 1065 762 1129 in
793 1064 916 1129 Arabia
946 1063 1111 1130 novembri
1143 1088 1254 1130 mense

135 1170 238 1256 prima
259 1169 370 1255 vigilia
389 1169 532 1234 occultus
555 1168 696 1234 secunda
718 1189 753 1231 se
781 1166 930 1243 ostendit,
957 1164 991 1228 in
1012 1164 1125 1231 Meroe
1147 1168 1254 1232 solsti-

137 1271 181 1335 tio
202 1270 329 1355 vesperi
351 1271 514 1357 paulisper
534 1269 668 1356 adparet
689 1268 866 1354 paucisque
885 1278 958 1332 ante
974 1278 1121 1332 exortum
1135 1269 1254 1334 arcturi

135 1373 249 1439 diebus
270 1372 394 1458 pariter
414 1394 488 1437 cum
509 1371 562 1437 die
585 1370 735 1436 cernitur.
757 1367 988 1457 Navigantium
1010 1367 1090 1434 haec
1103 1378 1253 1436 ma'xume
1267 1389 1316 1436 rto

136 1497 249 1539 cursus
282 1473 541 1560 deprehendunt,
575 1473 609 1536 in
637 1473 700 1537 alia
728 1471 863 1537 adverso
890 1471 924 1535 in
950 1472 1013 1538 alia
1041 1492 1141 1557 prono
1173 1473 1253 1536 mari

135 1575 306 1659 subitoque
327 1575 509 1661 conspicuis
531 1584 628 1658 atque
650 1585 686 1638 ut
708 1597 726 1638 e
748 1573 832 1637 freto
853 1572 1091 1661 emergentibus
1117 1594 1201 1657 quae
1219 1573 1253 1638 in

135 1678 283 1741 anfractu
303 1676 388 1761 pilae
409 1677 533 1742 latuere
555 1675 724 1740 sideribus.
751 1673 866 1757 Neque
888 1675 984 1752 enim,
1004 1684 1041 1738 ut
1062 1675 1171 1738 dixere
1192 1674 1252 1740 ali-

135 1780 201 1862 qui,
227 1777 368 1841 mundus
399 1778 460 1841 hoc
492 1777 566 1862 polo
595 1774 769 1841 excelsiore
798 1797 833 1838 se
863 1774 994 1852 attollit,
1028 1785 1085 1839 aut
1111 1776 1253 1860 undique

134 1888 339 1944 cernerentur
360 1877 441 1943 haec
461 1876 582 1954 sidera3
605 1897 716 1941 verum
737 1874 818 1939 haec
839 1875 952 1939 eadem
974 1874 1156 1958 quibusque
1176 1899 1253 1961 pro-

133 1980 240 2044 xumis
269 1977 453 2043 sublimiora
480 1978 654 2043 creduntur
683 1978 860 2059 eademque
886 1977 1033 2042 demersa
1056 1977 1252 2064 longinquis,

134 2092 234 2164 utque
260 2101 346 2144 nunc
373 2079 518 2146 sublimis
545 2078 580 2143 in
608 2077 734 2143 deiectu
760 2077 873 2163 positis
901 2077 1028 2143 videtur
1055 2077 1107 2143 hic
1127 2089 1251 2159 vertex,

135 2181 181 2247 sic
202 2181 345 2247 inillam
368 2191 471 2246 terrae
493 2180 710 2246 devexitatem
730 2179 938 2266 transgressis
958 2178 1013 2244 illa
1035 2203 1070 2245 se
1092 2181 1251 2258 attollunt,

133 2284 349 2349 residentibus
377 2303 460 2367 quae
486 2282 544 2348 hia
566 2282 693 2349 excelsa
720 2282 862 2361 fuerant,
886 2281 974 2368 quod
1000 2282 1062 2348 nisi
1089 2283 1122 2347 iu
1148 2283 1254 2370 figura

133 2386 218 2470 pilae
239 2385 384 2452 accidere
405 2407 470 2450 non
492 2394 610 2472 posset.

176 2488 227 2551 72.
248 2487 328 2553 Ideo
348 2486 495 2552 defectus
516 2487 592 2552 solis
614 2509 652 2552 ao
673 2488 768 2553 lunae
789 2486 988 2571 vespertinos
1009 2487 1140 2554 omentis
1160 2489 1249 2554 inco-
1266 2509 1316 2555 rso

132 2587 182 2653 lae
204 2611 268 2653 non
290 2589 441 2666 sentiunt,
463 2611 524 2653 nec
545 2587 720 2652 matutinos
741 2588 782 2652 ad
805 2610 955 2652 occasum
969 2586 1158 2668 habitantes,
1181 2615 1250 2656 me·

132 2690 273 2756 ridianos
294 2710 372 2756 vero
395 2688 535 2773 saepius.
561 2687 670 2754 Nobili
692 2688 780 2772 apud
800 2687 956 2753 Arbelam
977 2689 1085 2776 magni
1107 2690 1251 2756 Alexan.

133 2862 238 2921 Italiae,
259 2864 291 2911 R.
310 2902 341 2909 -
360 2860 497 2920 Berusics‘a,
518 2861 576 2910 hbri
595 2876 636 2924 ap.
657 2861 764 2911 Salmas.
785 2875 867 2910 exerc.
884 2876 909 2925 p.
928 2866 984 2911 534.
996 2878 1020 2912 a
1032 2862 1075 2924 A,
1088 2863 1132 2927 qui
1152 2863 1251 2915 Veseris

133 2931 202 2991 legit.
214 2927 361 2989 Beronices,
373 2941 397 2977 a.
417 2968 448 2977 ..
466 2926 564 2988 marm,
577 2929 634 2977 a2d.
653 2927 742 2989 crisa,
753 2929 810 2979 aa*
826 2926 896 2992 (libri
908 2928 1029 2993 Salmas.)
1048 2971 1078 2980 -
1098 2949 1114 2995 q
1180 2946 1204 2982 a.
1218 2975 1250 2983 -

135 3004 158 3047 to
179 3011 239 3054 uos,
259 2996 310 3045 R'.
330 3035 361 3044 ..
384 2995 501 3059 iuriquis,
524 2990 573 3045 Oa.
592 2995 712 3060 iurique,
733 2997 786 3046 Ed.
810 3038 840 3046 ..
864 2997 924 3059 ssbr',
944 3014 968 3048 a
991 3040 1022 3048 -
1046 2996 1130 3060 stella,
1174 3018 1198 3051 a.
1218 3042 1249 3050 .-

133 3064 254 3126 Adeoque,
266 3066 298 3114 R.
316 3059 395 3113 Stella
406 3079 515 3128 canopus
527 3061 589 3113 adeo
600 3065 727 3128 manifesto
739 3064 959 3130 surqeassastiqio
969 3068 1078 3117 carustur
1089 3078 1115 3116 ut
1127 3078 1250 3132 quartam,

132 3147 152 3181 r.
166 3130 321 3196 -fmtiqio,
342 3128 398 3194 d(o
413 3132 440 3180 in
450 3129 559 3194 rasura)
563 3132 684 3194 fastidio,
705 3147 729 3182 a.
749 3174 780 3182 ..
798 3134 952 3196 incurvatur,
972 3137 1010 3185 dl.
1029 3176 1061 3184 -
1080 3135 1154 3187 usius
1169 3139 1249 3188 cuius.

134 3214 188 3261 que,
205 3201 241 3249 R.
261 3241 293 3249 -
312 3216 390 3265 supra
409 3207 507 3260 terram,
523 3215 574 3249 orn.
586 3202 635 3250 R¹.
654 3242 685 3251 ..
704 3199 833 3265 etriaqere,
849 3218 899 3252 om.
909 3203 940 3253 T.
959 3242 991 3252 ..
1009 3205 1124 3265 mamma,
1144 3206 1193 3256 R'.
1216 3246 1249 3257 -

132 3265 242 3328 occultos,
254 3267 303 3317 12¹.
324 3309 355 3317 ..
372 3265 504 3329 secundus,
517 3269 566 3318 ΕΙ.
586 3308 617 3316 ..
636 3267 762 3330 hostendit,
783 3270 815 3319 R.
835 3311 865 3318 -
883 3270 961 3330 Mere,
981 3271 1029 3322 3¹.
1061 3313 1092 3321 -
1122 3273 1249 3337 solistits'a,

132 3337 163 3385 R.
187 3376 219 3384 -
235 3336 372 3401 paulrbper,
393 3337 438 3385 ad.
459 3337 490 3386 In
505 3339 530 3387 R
546 3352 639 3386 rasura.
768 3391 770 3396 ,

165 3401 180 3462 ξ
192 3407 248 3454 179.
266 3403 325 3465 alio,
334 3405 359 3456 R
369 3407 384 3452 ¹.
402 3444 433 3452 -
452 3401 565 3464 adverae,
580 3406 604 3453 R
613 3402 639 3464 (o
652 3417 685 3451 ex
698 3399 777 3463 corr.)
792 3443 823 3451 ..
837 3405 1007 3467 conspicuae
1023 3446 1053 3454 -
1068 3410 1249 3474 emerqeatsbus,

131 3471 228 3520 R²o2u
241 3471 448 3534 moyssacum*
456 3471 490 3518 a¹.
502 3510 533 3518 ...
543 3471 592 3531 loc,
604 3472 676 3520 Rad.
695 3467 743 3530 iio,
754 3486 767 3518 r
779 3468 871 3533 (Rob.)
882 3510 912 3520 ..
923 3470 1048 3533 excelsior,
1060 3471 1154 3534 R(una
1165 3476 1250 3526 littera

131 3534 326 3600 ponererasa.)
351 3579 382 3587 -
407 3539 513 3598 oralia
536 3536 621 3601 (codd.
640 3534 743 3599 Galen.)
759 3546 791 3599 ut,
807 3540 910 3589 Barbar.
926 3531 969 3588 dd
993 3537 1092 3600 (rasura
1111 3549 1170 3591 ante
1190 3539 1249 3604 u)r

131 3600 262 3667 (Robert)
272 3646 303 3654 ..
314 3604 404 3670 ubique
414 3622 466 3667 aou,
475 3606 580 3656 Robert.
591 3645 623 3655 ..
632 3604 699 3666 llaec,
709 3607 754 3656 Ra
762 3601 891 3668 (Robert.)
902 3607 990 3658 Omitt.
1004 3607 1056 3659 Τὰ.
1066 3648 1097 3656 -
1108 3611 1248 3674 quibusque,

131 3674 155 3722 d.
168 3674 262 3736 qubus,
274 3674 339 3724 R'a
360 3688 414 3736 que,
426 3675 471 3723 R'2.
487 3673 608 3738 proximis
622 3673 762 3738 quibusque,
774 3675 842 3724 Pint.
856 3715 887 3724 .-
899 3675 1014 3737 dimersa,
1027 3692 1049 3726 a.
1067 3676 1184 3738 dimenso,
1195 3681 1248 3728 Ro-

130 3741 194 3789 bert.
218 3780 250 3789 -
268 3742 303 3801 ia,
315 3757 365 3790 om.
378 3739 426 3791 Rl.
446 3782 477 3790 -
496 3741 656 3800 deiecturar.
679 3742 786 3804 dq'ectu,
798 3744 823 3792 R
835 3740 868 3807 (s
877 3744 904 3792 in
915 3740 992 3805 corr.)
1012 3784 1042 3792 ..
1062 3743 1138 3793 omnis
1151 3744 1248 3808 positis,

130 3808 162 3856 R.
176 3847 207 3856 ..
226 3807 252 3856 iu
264 3806 339 3868 illam,
353 3810 426 3858 Rad.
444 3810 470 3858 ia
481 3806 535 3868 illo,
548 3810 652 3858 Robert.
663 3809 745 3870 illam,
757 3823 782 3874 γ.
797 3851 827 3859 -
841 3808 988 3870 devexitate,
1000 3811 1104 3860 Robert.
1118 3851 1149 3859 ..
1163 3821 1248 3861 troas-

131 3875 213 3933 vedu,
225 3873 273 3924 R².
293 3914 324 3922 ..
342 3872 498 3935 adtolluntur,
510 3876 554 3925 Re
572 3916 604 3925 ..
619 3891 694 3940 posse
712 3885 743 3937 et,
755 3880 786 3927 R.

159 3938 174 4000 i
186 3946 242 3990 leo.
253 3937 324 4001 Ideo,
333 3943 379 3991 Ro
387 3939 517 4002 (Robert.)
528 3942 564 3992 Et
576 3943 637 4002 ideo,
647 3944 671 3992 d.
683 3942 801 4005 Ideoque,
810 3940 862 4008 βγ.
874 3985 904 3994 -
917 3947 970 4005 lac,
981 3946 1013 3994 R.
1024 3984 1055 3994 ..
1068 3945 1158 4008 sepius,
1168 3948 1193 3996 R
1201 3946 1248 4012 (ex

131 4004 209 4067 corr.)
228 4048 258 4056 -
276 4004 364 4068 Nobis,
380 4008 406 4057 B
423 4006 449 4069 (a
469 4009 496 4056 in
516 4005 593 4069 corr.)
612 4050 642 4058 ..
659 4008 785 4071 Arbelam,
802 4012 896 4062 Sabell.
913 4014 957 4063 R'2.
973 4011 1102 4073 Arabiam,
1115 4013 1152 4063 13¹
1162 4016 1250 4066 Tader

131 4073 247 4136 (Robert.
264 4083 289 4124 et
300 4075 418 4124 Martian.
435 4075 497 4138 Cap.
516 4081 539 4135 6,
557 4074 627 4139 594.)
644 4091 669 4140 7.
698 4078 804 4139 Arbela,
823 4074 851 4139 β.
878 4080 936 4129 Vid.
951 4085 975 4140 6,
989 4086 1029 4131 41.
1052 4080 1170 4132 Ceterum
1188 4098 1247 4136 curn

130 4144 243 4193 Plinium
254 4141 370 4192 Arbelam
386 4157 468 4206 neque
479 4143 572 4192 Arbela
584 4145 712 4207 scripsisse
724 4145 775 4194 iam
791 4147 906 4207 sciamus,
918 4146 976 4197 lons
987 4149 1077 4200 erroris
1087 4164 1133 4214 per
1148 4153 1245 4215 pleros·

131 4226 180 4274 que
195 4226 283 4261 onmes
292 4212 364 4260 codd
373 4211 470 4274 vulgati
482 4211 565 4260 statim
577 4213 700 4275 aperitur3
709 4214 807 4276 quoties
820 4215 888 4264 enim
901 4216 1034 4280 scriptores
1042 4219 1128 4269 Latini
1141 4222 1246 4271 nomina

135 4281 234 4330 urbium
250 4278 359 4344 pluralia
379 4278 477 4332 Graeca
495 4281 620 4330 secundas
645 4281 820 4332 declinationis
845 4283 943 4346 generis
967 4286 1080 4337 noun-ins
1106 4291 1245 4340 somatum
