2888 4794
197 295 236 358 16
421 309 626 358 susumus
648 307 845 358 msuouusu
866 309 1083 357 rutundum.

194 484 253 548 per
273 460 336 527 hou
357 471 390 528 ct
410 463 480 528 aliis
501 462 678 548 praestabis
705 484 746 526 nc
767 462 934 549 perlegant
961 462 1018 527 sed
1040 472 1077 527 ut
1098 462 1234 544 quisque
1257 460 1315 527 de-

196 571 350 649 siderabit
375 572 496 658 aliquid
522 571 557 636 id
584 581 708 637 tuntum
729 585 863 656 quaerat
889 582 923 637 ct
944 572 1024 636 sciat
1045 592 1109 654 quo
1130 573 1203 638 loco
1223 572 1315 638 inve·

195 683 278 760 niat3
311 682 371 748 hoc
392 692 466 748 ants
492 705 545 747 mc
567 681 645 748 fecit
670 682 704 747 in
725 681 840 747 litteris
860 681 977 746 nostiis
999 681 1150 749 Valerius
1173 680 1317 748 Soranus

195 792 339 859 inlibris
361 813 442 876 quos
465 792 632 855 inimiici
654 791 825 877 inscripsit„

230 965 245 1027 ξ
258 972 300 1018 33.
318 966 473 1029 desiderabit,
484 967 624 1017 Rhenanus
636 958 757 1016 dTPdr.
770 965 924 1027 desideravit,
941 963 1111 1029 b(Murbac.)
1134 965 1317 1028 desideraverit,

194 1030 247 1099 βγ.
274 1036 306 1085 In
326 1050 342 1084 s
362 1035 426 1084 hacc
443 1049 496 1083 vox
513 1047 572 1083 cum
588 1033 687 1095 reliqua
703 1040 774 1096 parts
791 1032 956 1096 praefationis
973 1035 1121 1084 interiit-
1134 1034 1194 1084 iuter
1217 1043 1316 1095 mitras,

196 1103 328 1153 Schottus.
346 1102 385 1150 At
401 1119 425 1151 v.
444 1101 558 1152 Gronov.
576 1104 609 1151 ad
634 1101 690 1152 Liv.
704 1107 728 1161 6,
742 1106 764 1149 l.
782 1102 888 1151 collad
900 1101 988 1151 Sento.
1000 1102 1059 1151 Nat.
1073 1101 1177 1162 Quaest.
1192 1107 1215 1163 t,
1228 1107 1270 1152 23.
1282 1139 1317 1147 ..

198 1169 316 1231 Soranus,
327 1162 399 1220 Iud.
413 1168 525 1230 Solutus,
537 1169 624 1219 R¹bd.
639 1168 740 1220 Omittit
751 1168 781 1219 P.
793 1206 828 1214 -
841 1185 893 1232 quo,
910 1165 1150 1229 Ρ..-ἐποπτίδων,
1174 1169 1245 1219 bdh.
1263 1186 1316 1233 epo-

195 1237 291 1303 ptpdon,
304 1229 332 1286 Δ.
345 1237 476 1301 cpothidotu
486 1238 517 1287 Ρ.
530 1237 664 1302 epoptedon,
675 1234 779 1286 Barber.
789 1237 837 1287 ΠΙ.
850 1254 924 1302 epop.
936 1273 942 1286 .
955 1254 1013 1299 cunt,
1025 1240 1056 1288 Β.
1070 1236 1200 1302 φορῑίἀοιι,
1212 1236 1240 1286 h.
1253 1234 1315 1285 ἐπο-

196 1297 1079 1370 mttwv‚Va11ice11.Barber.11.Iovian.ugoni-inscriptum.
1089 1305 1192 1369 scripsit,
1201 1305 1236 1354 Β*
1243 1304 1316 1354 dbP.

197 1373 329 1435 Epistolss
346 1373 481 1422 subiiciunt
501 1372 560 1423 Vale
571 1373 784 1435 Ugolct.10vian.
801 1374 903 1423 Barber.
916 1374 950 1423 11.
962 1372 1041 1423 Plinii
1051 1371 1158 1423 Secundi
1172 1370 1208 1421 ad
1224 1369 1317 1436 Vespa-

197 1441 291 1490 sianum
317 1439 446 1490 Caesarem
463 1440 562 1506 epi'ttola
579 1440 680 1505 explicit,
691 1442 723 1490 R.
746 1441 854 1504 Explicit
866 1440 986 1507 proloqui,
1004 1443 1028 1490 d.
1045 1442 1077 1491 In
1099 1439 1252 1489 editionibus
1274 1453 1316 1488 vs-

197 1503 320 1571 tustislst)
330 1509 381 1557 iam
393 1509 506 1573 sequitur
516 1509 594 1558 index
605 1508 765 1559 brevissimus
778 1508 937 1571 singulorum
948 1509 1072 1557 librorum
1083 1508 1162 1570 probe
1174 1508 1316 1556 discernen-

197 1577 244 1625 dus
257 1577 289 1626 ab
300 1590 340 1637 eo,
353 1590 429 1638 quem
439 1577 495 1640 ipse
505 1577 604 1627 Plinius
617 1573 708 1640 (praef.
721 1574 736 1636 §
749 1572 804 1638 32.)
816 1575 933 1626 confecit
946 1577 1109 1626 Paucistimis
1120 1575 1203 1624 verbis
1214 1574 1261 1622 illo
1277 1573 1316 1623 in-

198 1644 296 1693 dicatur
313 1645 374 1708 quid
385 1645 413 1693 in
424 1645 530 1707 singulis
541 1645 611 1695 libris
622 1645 729 1707 legatur,
741 1653 768 1694 et
779 1651 862 1693 totum
878 1659 937 1694 sum
949 1644 1057 1694 librariis
1071 1642 1156 1694 deberi
1165 1657 1222 1691 cum
1236 1641 1317 1705 ipsius

197 1711 252 1761 eius
263 1711 369 1773 indoles,
382 1719 437 1762 tum
448 1713 513 1762 illud
525 1715 607 1773 docet,
621 1715 690 1775 quod
701 1713 728 1761 in
745 1712 874 1763 codicibus
891 1724 950 1761 sum
966 1712 1119 1762 habentsstus
1136 1706 1206 1773 (us)
1217 1708 1317 1772 prieta-

196 1779 262 1829 tioni
273 1780 351 1831 Plinii
363 1781 539 1844 praemittitur.
