2888 4794
188 306 255 349 LXX
653 304 843 347 Pulsusrm.

188 465 292 537 gratus
307 458 468 534 discipulus
482 458 521 516 ab
540 459 605 516 eins
621 476 672 516 ore
684 457 847 534 pendebam
862 455 1078 532 cognovissem,
1095 455 1147 515 illo
1158 473 1198 516 ex
1212 455 1315 523 libello

188 586 249 627 non
258 568 356 629 minus
365 567 510 646 suspicere
519 567 693 638 didicissem,
702 585 791 643 quam
801 585 902 626 amare
909 565 1047 626 consuevi
1053 564 1152 625 virum
1158 566 1315 644 optimum,

188 679 220 737 in
240 695 327 753 quem
341 679 449 737 cadunt
462 695 538 754 quae
552 676 695 735 Horatius
709 676 780 735 dicit
793 677 831 735 de
844 675 943 735 Plotio
964 692 1020 734 sno
1038 681 1069 732 et
1081 674 1176 734 Vario
1189 682 1220 734 et
1232 674 1315 737 Ver·

187 787 266 865 gilio.
295 786 354 846 Illo
373 787 464 864 igitur
482 786 558 846 miro
577 787 610 845 in
631 804 776 845 consensu
797 786 974 862 optimorum
993 784 1126 844 codicum
1146 785 1179 843 iu
1196 784 1315 846 duobus

187 897 378 974 scriptoribus
393 903 489 955 aetate
502 895 718 971 aliquantulum
732 913 752 954 a
766 913 798 954 se
812 894 991 954 distantibus
1004 894 1100 966 ultra
1115 893 1206 953 immo
1219 912 1315 971 paens

185 1005 295 1065 invitus
309 1006 348 1065 ad
360 1006 573 1065 restituendam
586 1005 616 1064 in
630 1005 728 1065 Plinio
742 1023 808 1064 meo
823 1022 884 1064 non
896 1004 1026 1063 tironum
1046 1003 1149 1063 usibus
1168 1004 1315 1066 destinato

187 1114 426 1193 orthographiam
440 1115 600 1190 antiquam,
615 1114 733 1190 qualem
746 1115 777 1173 in
791 1113 957 1173 litteratura
969 1114 1105 1173 Romana
1113 1114 1183 1173 inde
1199 1113 1261 1173 iere
1273 1115 1314 1174 ab

186 1226 319 1301 Augusti
338 1244 412 1286 aevo
432 1243 526 1301 nsque
544 1225 583 1284 ad
603 1223 765 1284 Theodosii
784 1223 890 1299 Magni
907 1231 1042 1301 tempora
1058 1241 1199 1302 regnasse
1212 1222 1314 1301 optimi

188 1335 302 1394 codices
312 1336 428 1408 docent,
443 1353 510 1393 sum
521 1335 676 1408 deductus,
690 1341 721 1393 et
734 1334 814 1409 qnod
826 1331 952 1414 inlibris
962 1324 1054 1392 Plinii
1066 1334 1206 1394 exremis
1218 1335 1250 1393 in
1264 1351 1314 1393 eo·

187 1443 251 1503 dieo
263 1443 290 1502 B
309 1437 414 1525 (quem
427 1444 529 1522 paucis
549 1444 676 1519 quidem,
692 1444 745 1503 sed
758 1443 940 1520 gravissimis
953 1443 986 1501 in
1004 1444 1094 1503 rebus
1112 1412 1314 1522 haudd-Ap·

187 1554 304 1631 puleius
324 1551 524 1614 Salmasims
544 1553 666 1614 mirifice
686 1555 849 1627 confirmat,
871 1574 902 1613 v.
917 1562 1045 1628 quaestt.
1059 1553 1139 1614 Plin.
1153 1552 1180 1613 L
1194 1573 1226 1632 p.
1242 1548 1313 1635 13.)

187 1665 311 1723 servatis
324 1663 491 1724 laciendum
504 1664 618 1742 putavi,
632 1664 790 1724 tenendum
803 1664 859 1724 fuit
871 1664 901 1722 in
912 1663 1047 1724 omnibus
1057 1664 1142 1723 libris
1151 1663 1312 1741 prionbns,

187 1792 314 1851 quorum
331 1775 446 1835 codices
467 1775 570 1852 optimi
590 1768 745 1857 (Areva)
764 1775 935 1852 saepissime
958 1792 1026 1834 oum
1045 1774 1072 1833 Β
1091 1773 1218 1848 fatiunt,
1243 1791 1312 1833 cum

186 1885 543 1963 prudentissimo‚cnique
564 1885 664 1945 critico
685 1886 722 1945 de
745 1886 869 1946 veritate
887 1885 1033 1963 praecepti
1051 1883 1196 1958 Madvigii
1210 1875 1312 1965 (epist.

185 1995 225 2054 ad
240 1993 333 2055 Orell.
348 2016 378 2073 p.
394 1992 461 2074 22.)
479 2015 654 2073 persuasum
675 2014 741 2057 esse
754 1997 869 2068 debeat,
884 1995 917 2054 in
929 1996 1020 2054 rebus
1033 1993 1267 2071 orthographicis
1280 2000 1312 2053 et

186 2104 388 2184 etymologicis
402 2107 481 2184 apud
495 2108 619 2166 eundem
634 2105 807 2183 scriptorem
821 2105 1028 2180 aequalitatem
1046 2105 1223 2165 sanandam
1236 2122 1311 2180 esse,

187 2232 364 2291 quamquam
372 2233 452 2274 nunc
458 2222 528 2274 sunt
533 2215 585 2292 qui
593 2215 624 2273 in
634 2216 737 2276 eodem
747 2214 889 2291 scriptore
899 2210 987 2274 modo
994 2235 1067 2289 cam,
1074 2215 1162 2274 modo
1168 2234 1256 2294 quum
1263 2215 1315 2276 vel

188 2344 272 2404 quem
283 2326 369 2384 edere
380 2344 439 2383 non
452 2324 596 2413 dubitent.
609 2322 812 2384 Constantiam
820 2333 921 2384 tamen
932 2325 1043 2400 ubique
1055 2332 1204 2386 servatum
1213 2325 1263 2385 vel
1273 2324 1314 2384 sic

186 2435 281 2494 lector
293 2452 514 2510 nonnumquam
524 2434 707 2508 desiderabit,
721 2436 805 2495 ouius
817 2435 921 2512 cnlpae
932 2436 1153 2496 excusationem
1163 2437 1202 2496 ab
1212 2433 1314 2511 aequi·

98 2604 102 2610 .
187 2553 248 2605 tate
263 2545 326 2631 eins
342 2545 429 2603 enixe
442 2553 511 2622 peto
525 2556 649 2621 eamque
661 2564 710 2606 me
723 2547 951 2624 impetratumm
965 2565 1031 2606 esse
1045 2547 1160 2607 duabus
1170 2545 1314 2605 decausis

18 2644 21 2651 ’
122 2688 124 2694 2
188 2674 248 2716 nou
266 2655 331 2715 sine
349 2656 523 2716 confidentia
541 2657 644 2733 eliqua.
660 2675 757 2734 spero.
787 2656 850 2716 Vix
869 2656 947 2715 enim
967 2657 1032 2716 fieri
1048 2662 1158 2734 potest,
1178 2663 1214 2716 ut
1234 2655 1314 2732 apud

188 2766 361 2845 scriptorem
380 2766 455 2827 tanti
473 2767 601 2827 ambitus
622 2767 671 2827 vel
690 2767 899 2827 attentissimos
922 2766 1023 2826 oculos
1036 2784 1097 2826 non
1110 2784 1171 2826 una
1184 2766 1315 2825 alteram

186 2876 295 2951 forma,
309 2878 439 2954 qnaead
451 2877 584 2954 regulam
600 2876 767 2939 stabilitam
785 2876 930 2953 exigenda
943 2876 1009 2950 tuit,
1023 2877 1158 2954 effugiat,
1173 2884 1204 2935 et
1215 2874 1312 2946 facile,

187 2994 271 3064 puto,
287 2987 315 3044 ei
327 2985 550 3058 condonabitur,
561 2986 612 3062 qui
624 2986 655 3044 in
668 2985 715 3044 his
728 2987 815 3047 rebus
829 3005 889 3046 non
902 2986 998 3064 primo
1013 2987 1111 3048 statim
1123 2988 1204 3047 iactu
1218 2984 1315 3047 omnis

187 3103 267 3183 recte
290 3095 408 3166 iecerit3
433 3100 497 3157 tum
522 3093 624 3154 autem
645 3096 811 3172 aliquoties,
830 3096 881 3156 nbi
894 3114 933 3156 ex
946 3099 1123 3174 aequalitate
1136 3095 1315 3174 ambiguitas

189 3205 288 3278 aliqua
308 3204 380 3263 oriri
397 3210 524 3281 poterat,
546 3204 641 3264 sciens
659 3205 703 3265 fui
722 3204 902 3281 inconstans,
923 3208 1002 3283 qnod
1015 3207 1201 3286 potissimum
1215 3207 1252 3265 de
1264 3224 1315 3266 ac·

190 3314 323 3374 cusativo
337 3314 448 3393 plurali
460 3315 565 3374 tertiae
580 3315 782 3377 declinationis
795 3319 827 3376 in
842 3320 869 3378 ie
890 3326 1017 3377 exeunte
1031 3318 1123 3389 valet,
1137 3334 1197 3392 qua
1210 3315 1314 3392 paucis

188 3425 220 3484 in
238 3424 324 3499 locis,
345 3444 383 3484 ne
402 3425 496 3487 lector
513 3427 699 3501 turbaretur,
719 3427 875 3504 repudiata
892 3428 1032 3509 usitatam
1052 3414 1096 3487 in'
1107 3447 1138 3488 cs
1157 3433 1315 3485 exeuntem

190 3537 309 3596 servavi
323 3530 368 3616 (v.
383 3532 436 3610 37,
453 3532 526 3597 176.
539 3532 646 3619 ignee).
668 3538 713 3598 Ut
725 3538 965 3598 antemlectores
978 3539 1010 3598 in
1023 3539 1200 3598 universnm
1211 3535 1313 3609 sciant,

190 3665 334 3723 quasnam
344 3646 456 3708 formes
467 3626 708 3726 orthographicas
719 3655 838 3708 secutus
849 3648 964 3708 sim'vel
976 3654 1054 3708 eerte
1064 3648 1149 3725 sequi
1157 3645 1314 3718 voluerim,

188 3758 330 3836 pleraque
350 3760 427 3836 quas
445 3777 465 3816 a
482 3754 630 3818 communi
648 3758 714 3816 fere
733 3776 792 3818 usu
811 3757 923 3818 distant
939 3756 997 3818 hoc
1021 3758 1088 3818 loco
1113 3756 1316 3833 coniungenda

189 3869 301 3946 putavi,
315 3887 354 3928 ne
366 3869 396 3929 in
410 3867 620 3928 commentario
635 3867 736 3926 critico
750 3884 825 3944 opus
851 3867 989 3928 haberem
1015 3869 1055 3927 ed
1074 3870 1194 3928 easdem
1212 3866 1314 3926 lectio-

127 4018 131 4025 ·
190 3977 236 4036 nis
258 3978 469 4055 discrepantias
490 3978 576 4038 toties
595 3977 760 4037 enotendas
779 3979 942 4038 metimus.
976 3975 1089 4056 Scripsi
1108 3979 1202 4056 igitur
1220 3976 1313 4036 iratus

189 4087 362 4145 auomritate
381 4088 487 4148 codicis
496 4086 535 4161 B,
555 4105 734 4164 quamquam
754 4106 813 4148 nou
834 4105 951 4166 semper
970 4087 1026 4148 arbi
1043 4088 1216 4160 constantis,
1235 4086 1314 4167 unde

190 4195 346 4269 aliquoties
370 4197 409 4254 ed
433 4197 630 4271 coniecturas,
656 4199 682 4259 si
705 4198 747 4258 ita
764 4199 862 4260 dicere
882 4198 966 4272 licet,
992 4182 1220 4279 confugiendum
1238 4205 1313 4270 erat,
