2888 4794
374 300 444 362 nmss
461 275 505 361 11.¹
528 313 799 361 one.a1v..avr.
830 310 927 359 anor.
944 311 1033 358 u-ar
1172 354 1177 360 ,
1199 278 1259 360 1'59

142 471 339 543 accenditur.
363 467 533 556 ¹Volnera*
556 466 794 534 fulminatorum
829 462 995 553 frigidiora
1027 475 1102 528 sunt
1136 464 1261 548 reliquo

145 596 285 659 corpore.
593 649 623 659 ,Ι
680 643 682 649 Ι
954 621 958 629 .

185 673 259 740 LV.
294 675 345 738 56.
375 671 428 737 Ex
456 672 496 736 iis
517 693 606 756 quae.
623 683 706 735 terra
728 669 910 758 gignuntur
925 668 1006 734 lauri
1028 667 1176 733 fruticem
1198 691 1262 735 non
1278 688 1325 733 rte

143 777 199 842 ioit
221 799 281 841 nee
302 770 456 858 umquam
478 773 620 857 quinque
642 772 736 837 altius
750 770 888 856 pedibus
902 768 1072 835 deseendit
1084 769 1119 833 in
1135 780 1261 835 terram.

140 879 222 942 ‹ldeo
243 876 353 962 pavidi
375 874 495 941 altioris
518 873 831 961 specustutissimos
852 881 967 958 putant
981 882 1038 937 aut
1060 872 1263 937 tabernacula

144 980 280 1066 pellibus
309 978 477 1043 beluarum
506 999 588 1060 quas
614 977 731 1045 vitulos
753 976 926 1060 appellant,
956 974 1109 1059 quoniam·
1127 975 1188 1039 hoe
1210 996 1261 1039 so·

143 1083 210 1145 lum
232 1081 350 1146 animal
372 1102 389 1144 e
411 1078 541 1143 marinis
562 1101 626 1144 non
652 1076 819 1164 percutiat,
848 1076 932 1141 siout
957 1098 1017 1141 nee
1040 1098 1057 1140 e
1079 1075 1263 1142 volueribus

144 1184 294 1267 aquilam,
318 1203 401 1266 quae
419 1180 547 1283 Qo
568 1179 726 1267 armigera
746 1174 841 1242 huius
863 1178 917 1244 teli
938 1177 1081 1266 fingitur.
1109 1177 1148 1241 In
1169 1177 1263 1244 Italia

143 1286 227 1349 inter
248 1282 454 1349 Tarracinam
476 1281 648 1348 et-aedem
668 1280 827 1346 Feroniae
855 1292 959 1345 turres
985 1279 1108 1345 bellicis
1138 1290 1262 1365 tempo·
1296 1294 1301 1313 ¹

54 1444 57 1451 .
144 1387 233 1452 ribus
255 1386 379 1451 desiere
400 1383 481 1464 fieri,
504 1385 591 1450 nulla
612 1375 676 1448 non
698 1406 814 1448 earum.
830 1381 964 1450 fulmine
987 1382 1103 1447 diruta.

99 1474 111 1487 ’
140 1525 143 1530 ·
185 1486 277 1553 LVI.
313 1489 363 1553 57.
386 1486 622 1553 Praeterrhaeo
642 1486 677 1550 in
698 1485 848 1552 inferiore
871 1487 960 1552 caelo
982 1485 1119 1549 relatum
1138 1484 1172 1547 in
1193 1508 1262 1551 ma·
1278 1501 1324 1548 147

144 1599 296 1677 numenta
318 1601 367 1654 est
387 1590 471 1655 lacte
493 1600 526 1653 et
548 1587 703 1675 sanguine
725 1589 868 1672 pluvisse
882 1585 941 1651 Μ’.
958 1585 1065 1651 Acilio
1086 1583 1124 1650 C.
1145 1585 1263 1652 Poroio
1354 1637 1356 1642 .

145 1695 227 1771 eoss.
251 1701 284 1757 et
306 1713 402 1777 saepe
424 1691 513 1769 alias,
536 1690 620 1754 siout
641 1711 738 1754 earne
760 1688 799 1753 P.
820 1683 1128 1767 Volumnio'Servio
1151 1684 1261 1773 Sulpi-

143 1794 194 1858 oio
216 1815 295 1859 eoss.
320 1814 424 1877 exque
446 1795 490 1858 ea'
505 1814 569 1857 non
590 1791 753 1875 putruisse
768 1790 855 1874 quod
868 1812 932 1856 non
946 1789 1156 1872 diripuissent
1169 1813 1261 1867 avee3

143 1897 220 1961 item
241 1895 325 1961 ferro
347 1894 381 1959 in
401 1893 544 1966 Lucanis
566 1916 649 1959 anno
671 1902 842 1976 antequam
862 1889 912 1955 M.
934 1887 1072 1955 Crassus
1095 1913 1114 1954 a
1134 1888 1263 1956 Parthis

143 1997 352 2083 interemptus
380 2008 429 2063 est
454 2017 636 2080 omnesque,
658 2017 730 2059 oum
760 2016 798 2059 eo
819 1991 955 2063 Lucani,
971 1991 1099 2071 milites,
1127 2016 1263 2076 quorum

144 2122 279 2186 magnus
311 2122 463 2164 numerus
496 2098 538 2163 'in
565 2097 712 2175 ¹exercitu
748 2108 831 2174 erat3
865 2082 999 2182 ⁴effigies
1040 2117 1122 2178 quae
1159 2094 1263 2181 pluvit

145 2224 359 2289 spongearum
381 2201 449 2267 fere
472 2200 583 2267 similis
605 2200 677 2279 fuit,
705 2199 890 2284 haruspices
916 2211 1184 2285 praemonuerrmt
1207 2221 1262 2263 su-

144 2325 243 2389 perna
265 2302 404 2368 volnera.
434 2301 481 2368 L..
494 2314 606 2368 autem
627 2301 731 2368 Paulo
754 2299 792 2366 O.
814 2299 970 2367 Marcello
992 2323 1072 2367 coss.
1095 2301 1168 2367 lana
1187 2301 1261 2387 plu*

144 2405 189 2469 vit
221 2405 307 2469 eirea
335 2407 501 2471 castellum
528 2404 761 2491 Compsanum,
798 2405 888 2469 iuxta
922 2404 1008 2488 quod
1042 2414 1115 2490 post
1144 2425 1263 2468 annum

144 2615 192 2663 Rl.
216 2611 314 2662 animal
336 2630 373 2677 ea,
392 2609 554 2677 ο(11βγ.,.-,
575 2615 619 2670 ab,
637 2614 661 2660 d.
682 2653 712 2660 ..
731 2607 1034 2675 armiyera,RST9ad.
1060 2612 1177 2674 armiper,
1195 2611 1261 2661 Βοὴ.

143 2677 172 2740 β.
192 2723 221 2731 ..
242 2679 362 2735 raalai
382 2721 414 2735 .,.
437 2677 616 2737 Tarracinam,
628 2678 699 2727 R²d.
723 2676 897 2731 Terracinam,
916 2693 960 2741 ογ.
984 2677 1153 2737 Terracinem,
1172 2672 1200 2726 θ.
1219 2694 1261 2727 ra-

144 2748 234 2806 cinam,
251 2748 300 2796 1³¹.
320 2787 351 2796 ..
369 2745 495 2794 Feroniae
513 2753 608 2803 turres,
623 2746 667 2793 ad.
685 2742 797 2791 Feronia
815 2753 839 2790 er
857 2745 944 2805 urbes,
962 2744 994 2793 Β.
1017 2743 1151 2794 Feroniam
1170 2753 1262 2802 turres,

146 2809 173 2864 θ.
186 2835 219 2864 ·.
239 2813 349 2874 bellicas,
367 2813 445 2862 Β...
465 2810 537 2860 nulla
556 2827 611 2871 nan,
629 2811 696 2860 Rad
715 2809 801 2873 (codd.
820 2809 924 2871 Gelan.)
944 2807 1006 2872 quia
1024 2808 1170 2871 nonnullae,
1189 2827 1209 2860 r.
1233 2852 1260 2860 -

146 2885 236 2941 rarum,
254 2882 279 2929 R
289 2884 303 2929 ¹.
315 2877 473 2943 ..fulmina
492 2880 541 2945 Rp.
557 2919 587 2927 ..
600 2877 697 2938 diruta,
715 2879 740 2928 Β
751 2880 801 2928 'ad
819 2878 904 2941 (coda
918 2876 1025 2940 Gelon.)
1046 2877 1140 2934 diruta,
1153 2886 1199 2942 est,
1211 2878 1260 2928 R2.

147 2948 257 3007 dirutae,
275 2963 295 2996 r.
410 2989 413 2996 .
684 2976 686 2980 ι
863 2957 865 2963 ’

180 3019 194 3080 §
215 3018 270 3075 147,
297 3014 323 3063 in
341 3013 462 3079 inferiore
481 3012 558 3071 caelo,
575 3014 625 3063 Β).
650 3012 770 3078 inferiore
787 3012 865 3076 eaelo,
883 3015 907 3064 R
918 3009 1024 3080 ¹adssr.
1043 3015 1131 3066 Omitt.
1144 3031 1157 3064 r
1169 3012 1262 3078 (Βοὴ.)

148 3125 177 3131 -
197 3089 360 3139 monumenta,
377 3083 402 3132 Β
419 3081 510 3144 (Βοὴ.)
528 3090 688 3140 monumento,
707 3083 758 3133 Ta.
777 3091 962 3142 monumentum,
975 3099 998 3134 a.
1011 3082 1182 3141 monumentis,
1193 3100 1213 3132 r.
1231 3124 1256 3132 -

147 3149 221 3209 lacte,
239 3150 332 3200 R²adr
352 3148 425 3210 laete,
443 3151 467 3200 Β
480 3155 492 3200 ¹.
511 3149 616 3202 'caelum
638 3149 716 3211 lacte,
739 3167 752 3200 r
770 3149 860 3215 (Βοὴ.)
881 3193 911 3201 -
934 3150 1062 3216 pluuisse,
1080 3152 1132 3201 Ra.
1153 3149 1260 3214 pluisse,

145 3215 216 3284 dssf.
234 3218 295 3268 Vid.
307 3218 437 3268 Drakenb.
456 3221 488 3269 ad
500 3219 555 3269 Liv.
570 3224 592 3281 1,
610 3224 693 3270 31.-
712 3217 769 3279 Μ’.,
788 3218 864 3282 Pigh.
883 3234 942 3269 ann.
961 3225 987 3280 3,
999 3224 1054 3270 104.
1073 3218 1120 3279 M,
1138 3215 1260 3283 Βοᾶσβ.

147 3329 176 3336 ..
195 3285 288 3348 Acilio,
311 3287 382 3337 Β’-’σ.
405 3285 500 3347 Atilio,
518 3288 641 3352 Rl'l'ad,
665 3285 770 3348 Arritr'o,
792 3279 819 3337 θ.
844 3308 881 3345 ..-
897 3288 965 3338 sicut
986 3304 1074 3346 carue,
1096 3281 1259 3338 RTOKaa.

145 3370 222 3403 carne
244 3355 324 3415 sicut,
352 3351 381 3416 β.
404 3370 493 3413 carne,
515 3355 581 3405 Βοὴ.
601 3396 632 3404 ..
654 3353 700 3413 P.,
721 3354 870 3418 Dalroamp.
894 3362 919 3405 et
944 3356 1018 3417 Pigh.
1038 3370 1097 3404 ann,
1117 3361 1139 3415 1,
1160 3360 1216 3405 125.
1235 3367 1261 3406 et

146 3424 275 3486 Drakenb.
294 3424 327 3470 ed
344 3423 399 3472 Liv.
419 3428 443 3482 8,
455 3428 501 3472 '10.
522 3422 682 3472 Confirmant
697 3422 750 3470 Βσ.
768 3419 808 3478 L,
830 3417 956 3483 θΚοᾱβ.
976 3463 1007 3470 -
1026 3438 1130 3484 easque,
1148 3423 1213 3472 Βοὴ.
1229 3465 1258 3473 ..

144 3490 283 3552 putruisse,
305 3491 379 3540 Tad.
394 3489 580 3552 perputruisse,
599 3487 672 3538 Βθτ
689 3486 782 3550 (Βοὴ.)
804 3488 926 3538 Ceterum
948 3490 979 3538 ad
997 3489 1062 3537 haee
1078 3489 1157 3538 verba
1178 3489 1260 3555 expli·

146 3558 228 3606 canda
251 3557 410 3606 adhibendus
431 3556 519 3606 Valer.
542 3558 614 3606 Max.
637 3559 657 3607 1.
681 3562 705 3616 6,
729 3561 750 3606 5.
777 3596 802 3605 -
832 3572 909 3619 quae,
931 3557 996 3606 Rob.
1016 3599 1047 3605 -
1066 3559 1183 3620 itemque,
1206 3558 1259 3608 Ta.

148 3666 178 3673 -
203 3624 242 3686 in,
263 3623 372 3674 R²a²d
390 3621 481 3687 (Βοὴ.)
504 3641 529 3685 a,
550 3624 638 3674 3¹2¹.
667 3667 699 3674 ..
727 3641 744 3673 a
769 3622 891 3684 Partitis,
912 3625 960 3676 1³².
992 3642 1009 3673 a
1030 3624 1133 3686 Partis,
1156 3626 1204 3675 R'.
1233 3624 1260 3675 in

144 3701 246 3754 partes,
264 3696 304 3741 α’.
335 3692 361 3740 in
379 3691 496 3748 Parthis,
514 3693 598 3741 Ta²d
617 3691 708 3760 (Βοὴ.)
732 3734 763 3741 ..
790 3691 889 3756 pluvit,
916 3693 952 3742 ita
968 3709 1014 3742 nos
1032 3694 1184 3756 scripsimus.
1202 3691 1260 3756 pul-

147 3769 228 3819 verat,
245 3775 268 3808 σ.
294 3759 409 3824 pluerat,
426 3755 456 3821 β.
472 3758 548 3823 pluit,
567 3753 663 3819 Rosa
681 3758 772 3823 (Βοὴ.)
784 3774 809 3824 γ.
829 3803 861 3810 ,.
873 3761 951 3826 ferri,
969 3761 1074 3810 BTad.
1089 3762 1174 3823 ferro,
1192 3760 1258 3811 Βοὴ.

144 3827 249 3876 Retinni
267 3827 368 3889 quidem
386 3828 520 3877 lectionem
539 3829 678 3890 vulgatam,
700 3830 744 3878 sed
763 3843 881 3890 magnam
901 3830 926 3878 in
944 3829 993 3877 hoo
1011 3829 1068 3877 loeo
1087 3827 1259 3890 corruptelam

145 3907 200 3942 esse
220 3908 324 3959 'censeo
362 3895 480 3943 Produnt
506 3910 562 3943 enm
589 3903 615 3943 et
640 3896 684 3944 illa
710 3897 765 3959 ipsa
789 3897 900 3946 varietus
924 3896 1040 3944 lectionis
1062 3904 1088 3943 ot
1110 3895 1186 3944 totius
1208 3895 1259 3946 loei
1279 3907 1282 3913 ’

145 3966 273 4010 structura
293 3976 396 4023 prorsus
414 3961 528 4011 olumbis.
558 3962 691 4025 Asyndeta
709 3963 829 4012 Pliniana
846 3965 921 4025 longe
939 3964 1003 4012 alins
1021 3970 1080 4011 sunt
1097 3964 1206 4024 generis.
1226 4004 1255 4014 ..

42 4063 45 4068 .
142 4036 362 4091 praemonuerunt,
380 4022 540 4078 RSTOadr
558 4027 649 4090 (Βοὴ.)
667 4028 782 4079 cauenda
802 4038 1017 4093 praemonuerunt,
1037 4025 1065 4091 β.
1090 4071 1120 4078 ..
1142 4028 1258 4081 Mareel-

82 4125 86 4135 ·
146 4094 209 4157 lana,
222 4097 246 4144 d.
264 4093 433 4155 Marcellino,
450 4095 495 4144 Ra
513 4094 603 4158 (Βοὴ.)
617 4137 648 4146 ..
665 4094 762 4162 pluvit,
780 4099 816 4146 ita
828 4114 872 4146 nos
884 4096 1036 4160 scripsimus.
1046 4095 1122 4160 pluit,
1134 4094 1257 4164 Raassr‘.

147 4206 177 4212 -
199 4160 371 4227 Compsanum.
389 4163 426 4210 ira
437 4177 484 4212 nos
493 4162 646 4225 scripsimus.
668 4161 821 4228 Capsanum,
833 4165 881 4214 ΒΞ.
903 4161 1077 4226 Carissanum,
1090 4161 1160 4230 οβγ.
1182 4165 1258 4217 Cari-

145 4247 237 4293 sanum‚
259 4233 330 4282 R¹d.
356 4228 511 4294 Carissanum,
531 4231 635 4283 Robert.
663 4234 722 4282 Vid.
741 4234 809 4282 Vell.
828 4239 850 4285 2.
873 4239 911 4283 68.
934 4233 1017 4296 ibique
1039 4234 1118 4284 Kritz.
1143 4228 1180 4285 ..’
1194 4244 1258 4300 post,

146 4300 226 4349 omitt.
240 4303 269 4349 a*
288 4297 417 4362 (Robert.)
437 4341 466 4347 -
486 4314 583 4366 annum,
600 4301 701 4351 R²a²d
717 4298 848 4363 (Robert.)
872 4301 960 4352 Omitt.
972 4302 997 4351 Β
1009 4306 1035 4352 'a
1046 4306 1051 4335 ¹
1061 4296 1089 4363 θ,
1102 4318 1170 4366 casu,
1182 4313 1210 4353 ut
1220 4306 1258 4352 vi-

147 4422 154 4448 l
