2888 4794
604 273 820 322 emersum.
1255 256 1275 320 9

154 426 298 512 potuisse
326 449 360 491 se
387 426 549 505 desidere,
582 428 616 491 ni
648 427 771 492 animus
802 426 928 511 inquies
953 435 1140 513 pasceretur
1166 445 1273 510 opere.

153 534 308 602 Proiecto
335 537 420 601 enim
446 537 557 623 populi
583 538 728 625 gentium
760 535 891 603 victoris
919 546 952 603 et
976 535 1112 602 Romani
1137 535 1275 601 nominis
1289 550 1320 598 17

154 645 290 735 gloriae,
317 666 383 711 non
411 667 488 712 suae
516 647 734 732 composuisse
760 647 815 713 illa
842 645 967 725 decuit;
995 646 1098 711 maius
1123 646 1274 711 meritum

90 780 93 785 ·
154 767 241 824 esset
266 757 372 843 operis
400 780 517 836 amore,
545 780 610 823 non
637 758 733 822 animi
766 779 863 823 causa
893 766 1126 843 perseverasse·
1145 765 1187 847 et
1212 755 1275 823 hoc

152 869 274 954 populo
295 866 441 933 Romano
462 867 673 954 praestitisse,
697 866 854 933 nonsibi.
898 865 1025 954 Viginti
1053 866 1142 934 milia
1167 888 1275 941 rerum

153 977 324 1066 dignarum
351 999 429 1043 cura
456 977 634 1063 (quoniam,
667 988 704 1042 ut
730 977 776 1041 ait
800 975 965 1042 Domitius
990 974 1079 1056 Piso,
1108 975 1274 1042 thesauros

153 1099 281 1175 oportet
302 1110 383 1167 esse,
411 1110 476 1153 non
496 1086 611 1173 libros)
633 1086 771 1153 lectione
797 1085 994 1152 voluminum
1021 1086 1148 1153 circiter
1173 1085 1275 1152 duum

152 1198 286 1278 milium,
314 1220 452 1283 quorum
472 1220 577 1284 pauca
602 1196 774 1263 admodum
802 1197 938 1263 studiosi
958 1197 1122 1285 attingunt
1141 1207 1275 1284 propter

154 1320 314 1376 secretum
335 1309 498 1387 materiae,
522 1331 564 1374 ex
586 1308 753 1393 exquisitis
775 1307 959 1374 auctoribus
986 1317 1115 1374 centum
1140 1308 1273 1375 inclusi·

151 1441 223 1486 mus
246 1419 378 1508 triginta
399 1441 459 1485 sex
477 1419 704 1497 voluminibus,
731 1418 866 1485 adiectis
891 1418 997 1485 rebus.
1014 1418 1172 1505 plurumis
1192 1440 1274 1503 quas

152 1539 209 1594 aut
241 1529 469 1618 ignoraverant
499 1528 624 1615 priores
655 1540 713 1595 aut
743 1538 857 1615 postea
881 1528 1049 1595 invenerat
1079 1530 1156 1595 vita.
1203 1528 1273 1596 Nec
1287 1543 1319 1590 1⁸

153 1637 336 1705 dubitamus
361 1641 463 1706 multa
488 1660 574 1717 esse,
602 1659 685 1723 quae
713 1648 746 1704 et
771 1660 830 1704 nos
856 1639 1095 1724 praeterierint3
1127 1639 1273 1705 homines

153 1748 240 1813 enim
261 1771 371 1815 sumus
393 1760 427 1815 et
447 1727 597 1834 occupati
618 1747 734 1813 officiis
749 1748 983 1832 subsicivisque
998 1749 1197 1836 temporibus
1210 1749 1274 1815 ieta

152 1878 302 1924 curamus
322 1859 429 1924 idest
449 1858 624 1936 nocturnis,
652 1880 693 1922 ne
716 1858 787 1940 quis
808 1868 951 1922 vestrum
972 1867 1067 1942 putet
1091 1857 1142 1923 his
1165 1880 1272 1924 cessa-

152 1976 222 2031 tum
242 1967 340 2032 horis.
376 1966 458 2032 Dies
479 1967 571 2033 vobis
592 1965 806 2051 inpendimus,
830 1987 904 2030 cum
925 1986 1035 2030 somno
1057 1966 1273 2034 valetudinem

152 2087 375 2163 conputamus,
403 2076 456 2142 vel
481 2075 544 2141 hoc
571 2076 638 2143 solo
659 2074 801 2162 praemio
825 2075 975 2154 contenti,
1004 2075 1091 2160 quod
1112 2075 1189 2142 dum
1210 2076 1273 2141 ista

152 2187 205 2274 (ut
226 2187 272 2252 ait
292 2185 340 2251 M.
363 2185 484 2272 Varro)
506 2187 713 2265 musinamur,
735 2174 882 2272 pluribus
901 2184 989 2251 horis
1010 2187 1148 2253 vivimus
1154 2213 1164 2266 ;
1193 2208 1271 2274 pro·

152 2297 237 2362 fecto
260 2296 345 2362 enim
365 2298 432 2364 vita
451 2297 562 2387 vigilia
582 2307 640 2363 est.
679 2293 807 2378 Quibus
829 2296 871 2362 de
893 2298 999 2363 causis
1013 2307 1111 2383 atque
1130 2298 1269 2366 difficul-
1285 2313 1317 2358 1⁹

153 2407 272 2476 tatibus
297 2408 376 2474 nihil
389 2431 481 2474 ⁴auso
507 2409 695 2513 promittere
721 2409 783 2475 hoc
809 2408 916 2496 ipsum
944 2418 981 2474 tu
1000 2420 1156 2496 praestas,
1183 2411 1271 2497 quod

152 2557 283 2607 tutissimi
300 2572 342 2621 ap.
359 2554 528 2620 annebum.)
546 2558 660 2620 desinere,
677 2552 749 2622 bssr.
765 2597 792 2606 -
808 2559 840 2620 ni,
851 2559 911 2609 bd'.
923 2567 954 2621 ut
967 2555 1076 2611 d²APr.
1091 2600 1119 2610 -
1133 2561 1233 2626 inques,
1243 2563 1269 2612 b.

152 2624 276 2688 inpense,
288 2627 326 2675 dl.
338 2627 363 2676 in
375 2629 457 2691 pecte,
469 2621 580 2676 d²rAR

185 2688 201 2752 ἱ
214 2695 254 2743 17.
271 2691 358 2758 plotio,
369 2694 400 2744 P.
415 2732 443 2742 ..
458 2710 524 2754 suae,
535 2689 625 2743 deA
640 2689 766 2754 (Mnrbao.
779 2698 805 2741 et
817 2706 905 2743 omnes
917 2695 991 2744 codd.
1003 2691 1129 2756 Retron)
1140 2696 1194 2757 eibi,
1205 2697 1269 2747 Vel·

151 2758 228 2809 licoll.
243 2798 269 2806 -
285 2760 361 2822 milia,
374 2761 470 2810 omittit
481 2762 518 2810 d¹.
532 2798 561 2807 -
576 2760 690 2819 dominus,
701 2761 732 2809 Ρ.
747 2797 776 2806 -
795 2758 897 2821 hamne,
915 2762 1015 2811 TPbd.
1033 2779 1064 2811 cr
1075 2762 1177 2823 teodone,
1189 2758 1210 2812 Δ
1215 2758 1238 2825 β
1242 2777 1269 2829 r.

153 2867 181 2877 -
196 2845 233 2888 er,
244 2828 317 2878 de.
332 2828 460 2878 Omittunt
472 2823 528 2876 ΤΔ.
544 2866 571 2875 -
591 2827 685 2877 XXX
688 2825 747 2887 VII,
763 2827 883 2876 nonnulli
900 2830 974 2878 codd.
987 2842 1028 2892 ap.
1040 2830 1221 2881 maronicum.
1237 2868 1266 2879 -

150 2893 258 2956 mimis,
270 2908 363 2959 operae
374 2895 506 2946 Hnrduini.

184 2961 253 3024 §let
276 2956 791 3028 meua,ban·(Ambr.1.1L)ptera‚
812 2963 911 3014 Iovien.
929 2964 1033 3028 Ugolet.
1052 3003 1081 3014 ..
1102 2981 1163 3030 quac
1180 2973 1203 3015 ct
1217 2983 1269 3027 rme,

150 3026 223 3081 hod.
243 3048 371 3096 quaeres,
389 3032 419 3081 P.
437 3048 533 3096 queque,
551 3031 582 3079 Τ.
605 3069 631 3077 -
651 3040 674 3080 et
690 3032 806 3095 occupati,
825 3033 920 3081 omittit
931 3033 961 3083 P.
983 3072 1011 3081 -
1031 3033 1209 3098 schemateque,
1221 3034 1269 3084 Td

150 3095 291 3162 (Murbac.)
303 3099 459 3164 subciuisquc,
475 3100 500 3148 b.
517 3097 695 3163 subsiciniequc,
711 3100 742 3148 P.
760 3100 936 3164 sodomamque,
948 3097 968 3148 Δ
982 3097 1069 3163 (codd.
1081 3098 1231 3163 huronici)
1242 3113 1269 3165 γ.

149 3167 331 3232 mbceeivmque,
348 3168 439 3218 Ambr.
451 3168 472 3217 I.
484 3168 519 3218 11.
531 3168 619 3217 Escor.
631 3168 653 3216 1.
667 3172 692 3216 et
703 3167 748 3216 alii
759 3182 800 3231 ap.
812 3169 992 3218 Rezzonicum.
1005 3168 1182 3234 mendumque,
1192 3165 1222 3232 β.
1237 3210 1267 3219 -

149 3232 178 3283 id
193 3244 228 3284 ert
243 3235 368 3296 ποαιιπιίε,
386 3231 479 3285 ΙιᾱΔΡ
496 3233 607 3297 (Iovian.
626 3235 670 3284 alii
682 3249 722 3297 ap.
735 3232 860 3297 Bezzmn)
879 3235 1007 3286 Omittunt
1017 3237 1132 3288 Murbac.
1143 3237 1269 3289 Ambal.

149 3302 184 3352 IL
199 3341 227 3350 -
243 3303 416 3367 quiescebam,
429 3297 565 3354 dePAr
582 3298 724 3365 (Murbec.)
742 3303 804 3366 quid
818 3304 911 3365 metris,
929 3305 955 3354 K
967 3301 1092 3366 (Iovian.)
1105 3305 1165 3370 quid
1174 3306 1268 3366 vestrm,

149 3369 289 3420 moranus
299 3366 329 3431 β.
349 3411 376 3419 -
390 3379 456 3436 putet
471 3372 515 3432 tie,
532 3366 648 3421 bdrPA.
663 3371 757 3436 putetic,
775 3372 799 3420 Τ
816 3367 956 3433 (Murbac.)
968 3366 997 3431 β.
1007 3381 1083 3436 putee,
1094 3374 1194 3423 Iotian.
1204 3382 1269 3438 putet

148 3438 207 3498 seui,
219 3437 333 3488 Clericus
346 3446 392 3488 art.
405 3440 460 3488 crit.
473 3445 497 3500 2,
510 3444 551 3488 el.
569 3439 598 3490 Si
608 3439 707 3489 Plinius
719 3439 851 3487 nocturnis
862 3439 933 3488 horis
951 3447 1073 3489 cessasset
1088 3440 1106 3489 i.
1125 3455 1147 3490 e.
1166 3441 1267 3492 labores

149 3518 210 3554 suos
216 3505 403 3567 intermisisset,
415 3508 495 3556 libros
507 3521 572 3570 quos
590 3506 690 3569 scripsit
706 3520 759 3554 non
775 3507 913 3565 nocturnis,
932 3507 976 3556 sed
992 3509 1071 3557 modo
1088 3508 1184 3557 diurnis
1196 3509 1267 3558 horis

148 3572 257 3623 scribere
268 3575 394 3638 potuisset
405 3583 431 3624 et
442 3576 598 3637 itatempm,
611 3576 681 3637 quod
693 3574 802 3623 interdiu
814 3573 960 3637 imperatori
978 3584 1002 3623 et
1019 3574 1055 3624 rei
1072 3576 1191 3639 publicae
1207 3577 1267 3624 dare

109 3654 112 3659 ·
149 3641 263 3703 debebat,
280 3643 384 3706 privatis
402 3643 453 3692 suis
471 3642 581 3705 negotiis
597 3641 769 3705 impendisset.
792 3642 832 3691 Ea
848 3643 880 3691 de
897 3656 974 3692 causa
990 3656 1078 3693 cavere
1089 3642 1152 3703 vult,
1164 3656 1197 3690 ne
1210 3642 1267 3704 quis

149 3715 222 3770 putet
239 3724 266 3760 se
282 3718 362 3761 noctu
379 3711 445 3765 nihil
462 3711 531 3760 aliud
548 3710 599 3759 nisi
617 3710 740 3772 dormire3
759 3718 784 3759 et
801 3725 859 3759 cnm
876 3711 963 3760 stetim
979 3709 1045 3761 inira
1057 3711 1125 3760 dicat
1137 3709 1189 3759 dier
1201 3711 1267 3761 eote

148 3775 304 3841 inpendimus,
316 3779 375 3829 inde
386 3777 501 3841 sequitur
511 3779 590 3828 libros
603 3792 668 3841 quos
680 3779 780 3842 scripsit
791 3779 922 3828 nocturnis
935 3780 1005 3830 horis
1018 3779 1163 3828 elaboratos
1179 3775 1266 3839 fuisse,

149 3844 240 3906 quibus
252 3860 279 3896 se
291 3861 344 3896 non
356 3861 453 3897 cessere
465 3847 533 3897 dicit.
547 3885 573 3894 -
589 3846 749 3909 caffludinem,
761 3847 850 3897 Ambr.
862 3849 884 3898 1.
896 3848 931 3897 II.
944 3848 988 3897 elii
997 3862 1038 3910 ap.
1047 3845 1227 3897 Bezzonicum.
1235 3886 1264 3894 -

148 3922 321 3978 mutumne·
333 3916 422 3977 „quasi
435 3916 559 3965 subducto
572 3915 671 3965 calculo
684 3930 742 3965 cum
755 3930 846 3965 somno
858 3924 958 3965 tantum
970 3915 1078 3974 dormio,
1092 3919 1216 3976 qnantum
1228 3922 1266 3964 est

148 3979 286 4031 valetudini
303 3983 388 4033 satis.”
406 3983 560 4044 Harduiuus,
579 3983 650 4031 cuins
668 3982 748 4033 altera
764 3983 790 4031 h.
809 3983 827 4030 l.
846 3983 983 4045 explicatio
1001 3996 1081 4044 aeque
1099 3989 1138 4031 est
1153 3981 1219 4032 false
1235 3996 1265 4033 sc
1334 3987 1336 3991 ’

148 4046 269 4099 Turnebi.
292 4090 314 4099 -
336 4052 445 4114 primum,
457 4052 487 4099 T.
508 4085 522 4092 -
548 4052 700 4110 tntusinouutr,
717 4047 887 4112 b(Murbac.)
900 4050 1064 4110 musinamur,
1077 4045 1106 4098 A.
1120 4050 1263 4110 rtsusitamue,

148 4114 194 4165 'l'd
210 4112 312 4179 (Ambr.
331 4119 351 4167 1.
369 4118 403 4168 II.
421 4118 519 4167 Iovian.
536 4113 653 4180 Ugolet.)
671 4119 827 4177 mussitantur,
844 4118 877 4167 K.
896 4118 1044 4178 mueitumur,
1062 4117 1091 4167 P.
1110 4118 1264 4197 mupbtamur,

147 4183 287 4310 Elpenanus
298 4181 327 4246 β.
347 4186 413 4236 Vide
424 4186 527 4304 lpddcrl.
541 4186 584 4236 lat.
599 4185 695 4249 synon.
709 4191 733 4244 3,
747 4191 804 4234 302.
818 4191 841 4244 6,
855 4190 912 4236 πθ.
930 4224 948 4234 -
971 4185 1042 4248 lteris,
1053 4185 1083 4236 P.
1100 4224 1123 4233 -
1141 4187 1219 4246 irritu,
1232 4187 1262 4235 P.

211 4256 249 4301 19.
269 4261 296 4314 ct,
313 4254 342 4303 l'.
364 4293 386 4302 -
411 4255 436 4304 ni
445 4290 451 4315 ,
462 4254 492 4304 P.
