2888 4794
455 1090 957 1213 PRAEFATIO.
986 1070 996 1097 ⁸

636 1326 788 1339 -ιιδ-ι-

149 1443 297 1554 Naturae
322 1497 500 1550 scrutatores
525 1491 614 1550 totius
637 1489 814 1551 Germaniae
836 1504 903 1548 cum
924 1506 976 1567 per
996 1490 1178 1549 occasionem
1202 1506 1273 1547 con·

149 1607 291 1660 ventnnm
305 1610 424 1661 auctore
434 1600 625 1661 Ludovico
641 1599 793 1673 olenio,
808 1618 896 1676 quem
909 1599 1028 1659 honoris
1043 1617 1133 1659 causa
1145 1598 1274 1670 nomino,

149 1712 305 1786 quotannis
335 1711 550 1770 celebratorum
577 1730 655 1770 anno
675 1709 939 1770 MDOCOXXVI.
966 1710 1113 1769 Dresdam
1144 1716 1275 1767 nostram

149 1828 300 1898 tamquam
315 1821 415 1880 sedem
430 1822 596 1880 studiorum
611 1839 732 1879 suorum
750 1828 781 1878 et
791 1821 981 1879 consiliorum
992 1818 1199 1894 temporariam
1210 1817 1275 1874 adi-

148 1931 253 2002 issent,
277 1928 435 1989 Carolus
449 1928 646 2004 Augustus
660 1929 887 2003 Bbttigerus,
908 1927 1078 2005 philologus
1088 1926 1276 2009 Dresdensis,
1347 1960 1352 1977 x

52 2102 54 2106 ,
149 2040 322 2098 memoriam
338 2040 420 2098 illius
439 2039 588 2116 temporis,
607 2057 666 2114 quo
686 2057 753 2097 cum
773 2035 945 2097 Conrado
960 2036 1185 2114 Sprengelio
1203 2055 1276 2097 con·

149 2151 266 2208 iunctus
286 2149 385 2208 studia
409 2149 589 2224 antiquitatis
614 2149 653 2207 ad
677 2157 776 2227 partes
802 2149 945 2225 quasdam
969 2147 1107 2214 historiae
1131 2147 1275 2206 naturalis

149 2259 339 2318 illustrandas
360 2261 511 2333 retulerat,
537 2259 613 2319 laete
633 2260 775 2332 recolens,
802 2261 953 2320 consessui
973 2242 1059 2318 docto
1079 2277 1153 2336 opus
1173 2275 1275 2316 conso·

150 2368 232 2427 cutis
245 2369 378 2444 ipsorum
392 2370 504 2429 viribus
524 2370 647 2444 dignum
665 2371 851 2429 mactandum
873 2371 1099 2443 commendavit,
1120 2369 1275 2428 editionem

151 2477 215 2537 dico
239 2497 348 2537 novam
371 2478 513 2537 naturalis
538 2479 678 2538 historiae
700 2498 719 2537 a
744 2476 831 2538 Caio
854 2477 981 2538 Plinio
1008 2478 1178 2539 Secundo
1203 2497 1275 2537 con-

151 2589 287 2664 scriptao,
313 2607 402 2664 quam
426 2598 457 2647 et
480 2597 515 2647 nt
537 2589 665 2664 primum
687 2607 830 2646 conamen
848 2590 937 2648 totius
958 2591 1039 2648 orbis
1063 2597 1186 2646 naturae
1211 2597 1275 2647 tum

150 2699 261 2773 cogniti
284 2697 495 2774 complectendi
520 2704 550 2755 et
573 2699 605 2755 in
629 2698 790 2774 deperditis
810 2704 856 2755 tot
880 2699 1071 2774 scriptoribus
1094 2699 1274 2772 antiquitatis

70 2826 78 2839 ¹
150 2810 271 2868 unicum
299 2808 411 2867 fontem
439 2807 610 2883 cognitionis
638 2816 757 2867 nostrae
780 2807 860 2866 illius
889 2808 969 2866 orbis
996 2807 1127 2866 homines
1155 2807 1275 2865 litterati

150 2919 306 2992 utriusque
330 2916 499 2992 discipliuae
526 2917 609 2975 nullo
634 2937 694 2976 nou
722 2925 854 2996 tempore
882 2917 1064 2994 gravissimis
1092 2918 1275 2994 antiquitatis

151 3026 342 3103 scriptoribus
367 3026 616 3087 adnumerandam
641 3046 706 3088 esse
731 3047 791 3087 uno
817 3047 868 3088 ore
894 3035 1104 3103 consenserunt
1124 3022 1276 3109 (videatur

151 3133 258 3195 Olenii
271 3137 327 3195 Isis
344 3132 437 3197 1827.
459 3137 530 3196 Vol.
546 3134 598 3197 20.
617 3158 647 3215 p.
664 3133 764 3218 389.).
786 3138 973 3215 B'ottigeri
985 3140 1083 3203 auimo
1098 3140 1274 3199 obversaba-

125 3277 131 3286 -
150 3251 200 3302 tur
220 3247 309 3304 editio
327 3265 347 3305 a
363 3247 515 3323 philologo
533 3249 633 3322 aliquo
652 3249 844 3326 pluribusque
863 3250 991 3327 physicis
1016 3251 1164 3309 communi
1184 3269 1274 3326 opera

149 3355 290 3431 paranda,
311 3364 345 3414 ut
362 3356 504 3433 philologi
522 3367 620 3433 partes
639 3366 739 3417 essent
751 3359 782 3416 in
796 3359 894 3418 verbis
909 3360 1059 3435 scriptoris
1074 3368 1104 3417 et
1117 3360 1273 3427 emendan-

149 3464 195 3522 dis
214 3473 244 3523 at
260 3465 459 3537 illustrandis,
489 3467 536 3524 cui
553 3467 672 3542 negotio
691 3468 747 3525 rita
770 3470 977 3544 pertractando
1000 3469 1152 3528 adhiberet
1170 3471 1272 3528 doctos
1349 3536 1357 3542 ,

148 3575 297 3651 physicos,
323 3593 449 3650 quorum
472 3577 614 3636 sententia
634 3586 664 3635 et
685 3579 806 3636 consilio
826 3580 857 3637 in
878 3580 976 3639 verbis
995 3579 1181 3638 recensendis
1200 3595 1272 3636 usus

148 3702 208 3743 uon
228 3687 311 3762 prins
330 3686 440 3745 librum
461 3685 557 3762 ipsum
578 3707 597 3746 a
618 3705 649 3746 se
669 3689 855 3747 emendatum
875 3689 958 3765 prelo
984 3687 1189 3748 excudendum
1212 3694 1272 3742 tra·

148 3794 242 3865 deret,
267 3812 357 3868 quam
375 3796 419 3853 illi
438 3796 474 3854 de
492 3796 615 3873 singulis
636 3798 708 3856 locis
727 3799 823 3857 dubiis
845 3799 916 3874 quid
935 3797 1096 3857 secundum
1116 3793 1208 3870 ipsius
1229 3794 1273 3852 rei

149 3902 302 3961 veritatem
321 3905 508 3963 statuendum
527 3914 606 3964 esset
630 3907 853 3979 significassent.
885 3905 984 3963 Alteri
1003 3904 1092 3979 igitur
1115 3905 1153 3961 ab
1178 3903 1272 3963 altero

148 4011 354 4088 pendendum3
380 4013 529 4088 philologo
554 4012 744 4070 audiendum,
751 4015 903 4090 physicum
923 4014 953 4070 in
973 4019 1037 4071 arte
1062 4014 1161 4073 critica
1184 4013 1270 4082 facti·

149 4123 255 4202 tanda3
282 4122 404 4201 physico
429 4140 488 4182 non
512 4120 722 4202 negligendum
746 4121 926 4200 philologum
950 4124 981 4181 iu
1000 4124 1162 4184 iudicandis
1182 4125 1270 4194 Punn

1040 4243 1065 4290 A
