2888 4794
184 276 263 319 LXVI
648 274 838 318 PRAEFATIO.

185 429 299 505 possint
319 428 464 504 expediri,
486 429 605 487 nomina
626 426 744 488 Graeca
765 430 829 488 dieo
852 436 881 487 et
901 428 1019 486 nomina
1037 429 1169 505 propria,
1185 448 1312 504 quorum

185 547 377 614 utrorumque
395 538 470 597 ratio
489 544 603 597 tantum
624 540 664 597 ad
685 539 784 598 crisim
804 538 1039 610 coniecturalem,
1055 547 1197 611 quantum
1211 541 1250 598 ad
1263 541 1312 599 di-

185 649 373 727 plomaticam
398 646 518 707 accedit.
550 647 592 707 Et
617 646 733 707 Graeco
759 648 875 723 quidem
895 665 1031 706 sermone
1050 647 1181 707 Plinium
1202 658 1264 708 tam
1281 651 1313 709 in

185 760 311 834 singulis
326 759 448 818 vocibus
474 777 564 833 quam
577 758 692 817 intotis
710 757 906 817 locutionibus
925 775 1014 816 usum
1033 756 1124 816 fuisse
1144 775 1230 818 nemo
1244 777 1313 818 um·

185 886 276 944 quam
289 868 433 927 dubitarit
452 886 548 943 neque
563 868 695 927 dubitare
709 868 806 945 potuit
820 867 880 943 qui,
902 875 937 925 ut
950 885 1046 943 pauca
1059 868 1191 942 quidem,
1212 869 1265 927 sed
1278 887 1315 927 ea

184 979 360 1055 gravissima
370 978 501 1050 afferam,
512 977 700 1055 praefationis
711 977 929 1055 paragraphum
936 972 1000 1048 23„
1009 986 1072 1035 tum
1085 971 1313 1056 ἀναπαυόμενον

184 1084 215 1161 2,
228 1083 312 1161 228,
327 1083 437 1168 ἀψῖδας
447 1083 479 1159 2,
492 1083 555 1159 62,
572 1082 671 1167 βαθέα
685 1085 716 1160 2,
732 1083 817 1160 223,
830 1081 914 1145 idaea
926 1083 956 1160 2,
972 1082 1036 1159 96.,
1052 1083 1248 1167 κορυβαντιᾶν
1262 1083 1313 1162 11,

146 1172 149 1177 ’
186 1192 271 1269 147,
288 1189 408 1254 ἐνέκαεν
425 1191 477 1269 35,
495 1192 579 1269 122,
596 1191 627 1255 ἐν
642 1193 748 1275 κήποις
762 1193 814 1270 36,
832 1192 894 1269 13,
911 1191 1053 1275 ἐπιτομὴν
1068 1196 1127 1254 τῶν
1141 1192 1314 1276 priorepart-

193 1299 289 1383 μένων
306 1301 360 1379 20,
375 1301 460 1378 214.,
476 1299 636 1384 κεχηνότος
650 1300 795 1364 Διονύσου
811 1303 842 1378 8,
859 1301 911 1367 58.
932 1314 960 1364 et
974 1306 1095 1383 plenum
1109 1306 1315 1367 hexametrum

187 1411 241 1489 27,
258 1410 330 1474 100.
345 1417 521 1475 considerat.
543 1416 646 1475 Pauca
659 1425 756 1475 tamen
770 1435 806 1474 ea
820 1423 914 1487 erant,
930 1416 1003 1474 etin
1022 1417 1124 1491 paucis
1144 1416 1203 1475 illis
1224 1417 1315 1476 Plinii

185 1543 273 1585 usum
287 1527 429 1585 sermonis
453 1523 560 1584 Graeci
573 1543 638 1585 sese
657 1527 835 1586 continuisse
858 1526 1000 1603 suspicari
1018 1525 1128 1584 licebat
1134 1542 1143 1596 ;
1163 1527 1223 1585 iam
1242 1544 1314 1586 vero

190 1636 299 1694 seimus
312 1637 407 1695 multo
424 1636 622 1695 liberaliorem
641 1638 697 1695 hae
718 1637 749 1694 in
764 1655 796 1694 re
811 1634 942 1695 Plinium
956 1635 1058 1695 fuisse.
1079 1636 1140 1695 Per
1164 1634 1313 1711 fragmen·

189 1752 253 1805 tum
282 1746 360 1804 enim
388 1745 669 1824 Pseudo-Appuleii
693 1765 723 1822 p.
748 1745 835 1804 XLI.
868 1755 1128 1805 commemoratum
1153 1746 1313 1806 certissime

185 1855 295 1914 scimus
308 1856 505 1934 plurimorum
518 1857 688 1914 morborum
702 1862 733 1914 et
745 1853 916 1933 plantarum
930 1856 1050 1914 nomina
1069 1854 1202 1916 Plinium
1215 1853 1313 1915 Grue-

186 1984 238 2025 cos
256 1966 432 2043 plerumque
450 1965 547 2026 fontes
566 1975 701 2027 secutum
724 1964 839 2025 Graeco
859 1984 993 2026 sermone
1015 1966 1142 2025 edidisse
1168 1964 1211 2043 (v.
1237 1984 1313 2040 quae

185 2077 315 2137 diximus
326 2079 357 2135 in
368 2078 572 2152 quaestionum
582 2076 916 2154 Plinianarumspec.1.
929 2096 960 2153 p.
972 2070 1137 2157 14.21.),
1148 2094 1224 2150 quae
1236 2094 1314 2135 nune

185 2186 301 2245 Latinis
316 2187 468 2245 elementis
483 2188 592 2264 scripta
605 2187 635 2244 in
649 2188 783 2245 omnibus
798 2186 943 2246 codicibus
957 2194 1087 2247 exstant.
1121 2183 1245 2247 Summa
1256 2185 1313 2262 igi-

187 2303 238 2354 tur
253 2314 319 2354 cum
334 2296 540 2374 probabilitate
559 2296 699 2355 coniicere
712 2313 870 2373 possumus
878 2338 887 2368 ,
909 2296 941 2355 in
960 2297 1096 2356 omnibus
1114 2295 1151 2355 iis
1165 2297 1249 2369 loeis,
1263 2295 1314 2355 ubi

187 2407 304 2467 Plinius
325 2406 422 2465 verbis
443 2386 520 2482 qood
541 2404 646 2465 (1111αοὶ
663 2408 762 2465 dicunt
782 2407 832 2464 vel
851 2405 994 2464 similibus
1016 2424 1088 2465 usus
1103 2414 1163 2478 est,
1191 2403 1313 2465 Graecis

188 2535 256 2576 eum
276 2516 425 2621 elementip
439 2533 531 2574 usum
551 2515 644 2574 luisse
650 2533 659 2585 3
680 2516 795 2591 etquis
815 2515 894 2574 ausit
913 2517 970 2576 hac
994 2516 1198 2594 probabilitate
1220 2515 1313 2575 fretus

189 2626 323 2685 omnibus
343 2626 403 2685 illis
421 2627 453 2684 in
472 2626 546 2685 locis
566 2644 731 2685 sermonem
750 2624 899 2684 Graecum
919 2625 1096 2685 restituere?
1117 2625 1315 2703 Exspectmdi

189 2745 259 2797 sunt
274 2737 386 2797 codices
401 2736 452 2811 qui
465 2739 522 2797 hac
535 2737 623 2797 etiam
638 2737 669 2796 in
682 2756 715 2796 re
730 2737 847 2796 saniora
858 2754 946 2811 quam
957 2739 1111 2812 hueusque
1120 2737 1220 2797 collati
1229 2736 1314 2795 exhi·

188 2850 269 2922 bent,
284 2855 314 2906 et
327 2849 429 2925 paucis
443 2848 532 2906 modo
544 2847 576 2906 in
589 2848 662 2907 locis
676 2848 847 2922 prudentior
856 2846 976 2906 criticus
986 2847 1119 2922 vestigiis
1130 2848 1260 2907 codicum
1269 2845 1315 2903 in·

190 2959 297 3018 sistens
309 2935 459 3033 avulgata
469 2957 614 3034 scriptura
624 2957 759 3015 recedere
770 2957 934 3028 sustinebit,
942 2957 988 3015 uti
996 2957 1059 3034 ipse
1070 2975 1125 3033 ego
1137 2951 1189 3029 32,
1197 2949 1248 3017 50.
1259 2972 1314 3032 pro

190 3069 312 3144 vulgato
327 3086 401 3143 quaa
417 3064 522 3125 Graeci
531 3067 662 3143 pbryaoe
673 3075 774 3125 vocant
783 3085 842 3125 uon
853 3067 979 3125 multum
991 3066 1094 3126 aberat
1104 3067 1175 3142 quin
1187 3060 1315 3146 φρύνους

193 3177 362 3246 scriberem,
384 3193 452 3233 cum
473 3175 504 3232 in
523 3174 550 3232 B
571 3175 689 3252 legatur
703 3177 847 3253 phaganus,
868 3195 1047 3254 quamquam
1066 3176 1140 3236 haec
1152 3176 1316 3234 litterarum
1347 3166 1350 3171 ’

191 3285 368 3363 permutatio
389 3303 427 3342 ex
447 3284 563 3361 vulgari
583 3305 681 3345 errore
695 3287 788 3364 repeti
801 3293 908 3363 potest.
929 3286 1081 3347 Difficilior
1095 3285 1183 3345 etiam
1197 3283 1254 3342 fuit
1266 3303 1316 3343 res

192 3397 225 3454 in
238 3395 404 3455 nominibus
418 3395 556 3472 propriis,
571 3396 607 3454 de
621 3414 748 3472 quorum
758 3397 959 3456 emendatione
968 3398 999 3456 in
1010 3397 1178 3456 universum
1188 3393 1316 3471 pruden-

193 3505 306 3564 tissime
327 3506 442 3564 monuit
456 3506 651 3565 Iacobsius
672 3506 795 3582 praefat.
817 3507 856 3565 ad
870 3507 988 3565 Aelian.
1003 3507 1072 3565 hist.
1086 3505 1176 3565 anim.
1191 3504 1230 3563 T.
1244 3504 1270 3562 Ι.
1285 3522 1316 3578 p.

196 3615 304 3674 XXX.
334 3614 411 3674 Cum
432 3615 543 3674 dudum
564 3615 666 3675 multis
686 3617 828 3694 exemplis
850 3617 888 3674 sit
915 3619 1136 3693 comprobatum
1160 3614 1190 3673 in
1214 3614 1317 3672 eodem

194 3727 311 3786 nomine
326 3725 445 3802 proprio
460 3726 611 3784 scribendo
627 3734 740 3785 veteres
754 3726 914 3802 scriptores
928 3744 988 3784 non
1003 3744 1118 3803 semper
1132 3725 1190 3784 sibi
1209 3722 1317 3783 consti-

194 3838 265 3897 tisse
280 3835 323 3915 (v.
339 3837 377 3895 ad
392 3831 444 3908 34,
470 3829 570 3916 lta),
592 3836 693 3895 invitis
716 3836 862 3894 codicibus
879 3836 910 3893 in
930 3837 1099 3895 nominibus
1119 3836 1250 3895 virorum
1270 3833 1319 3891 vel

195 3946 372 4005 feminarum
396 3946 438 4004 nil
462 3946 621 4005 admodum
645 3946 776 4018 mutavi,
801 3945 845 4003 uti
858 3947 946 4004 etiam
960 3946 1157 4005 mutationum
1170 3943 1319 4004 rarissime

196 4057 284 4116 modo
297 4059 455 4121 necessitas
469 4076 534 4119 esse
549 4057 718 4127 videbatur3
739 4057 866 4117 maiores
886 4057 1068 4116 difficultates
1088 4057 1249 4116 offerebant
1266 4070 1318 4113 no·
