2888 4794
135 257 178 297 xr
197 306 202 315 ,
603 253 792 297 000000οι0.

137 407 299 468 stemmatis
318 407 376 467 mei
396 415 511 480 teneat,
534 405 627 479 multo
646 407 772 467 deterior
791 414 869 466 certe
891 406 989 466 codice
1003 405 1042 466 ab
1055 407 1159 468 eadem
1173 427 1265 470 manu

138 518 264 596 scripto,
289 517 340 594 qui
359 516 490 577 Plinimn
508 515 658 578 Iuniorem
676 517 820 588 continet3
847 517 924 575 adde
946 514 1115 577 Schulzium
1136 517 1168 576 in
1188 518 1264 577 dier.

138 601 387 688 suorne1831'.
405 645 451 686 nr.
468 623 519 688 72.
545 626 698 704 Baptistae
716 628 880 699 0000000,
903 626 1017 704 preren
1035 625 1151 701 0000,
1172 628 1267 688 codex

137 736 277 798 laudatur
296 756 315 797 a
333 734 501 797 Pontedera
520 744 595 797 antt.
608 735 678 796 Lat.
694 742 725 794 et
739 733 794 796 Gr.
809 755 840 813 p.
856 730 907 796 52.
923 731 997 796 391.
1011 731 1085 797 392.
1107 737 1266 798 1100000101

138 848 255 908 codices
272 847 331 906 duo
350 846 509 906 laudantur
529 847 568 906 ad
582 841 615 920 4,
631 842 703 906 112.
727 847 862 906 Sabadioi
875 845 980 918 codex,
995 862 1054 920 qno
1067 846 1131 924 ipse
1145 846 1265 923 aliquo-

137 956 192 1017 ties
210 957 249 1017 ad
262 954 394 1016 Plinium
408 957 622 1016 emendandum
637 974 710 1017 usus
726 962 786 1028 est,
809 955 943 1034 inprimis
957 962 1078 1015 notatur
1090 957 1129 1016 ad
1145 951 1176 1030 5,
1192 953 1265 1019 148.

139 1063 170 1142 6,
191 1062 243 1128 93.
271 1065 365 1126 Iulius
384 1063 494 1126 Caesar
512 1065 642 1143 Scaliper
663 1084 737 1126 0000
757 1074 803 1125 est
823 1075 922 1126 vetare
942 1065 1043 1126 codice
1064 1066 1103 1124 ad
1124 1061 1272 1140 10100.-

138 1170 222 1258 (vide
240 1177 279 1235 ad
299 1174 452 1252 Tlecphr.
470 1174 512 1234 H.
532 1174 581 1235 Pl.
600 1195 631 1253 p.
646 1171 724 1252 45.).
758 1176 888 1235 31001011
908 1175 1003 1234 codex
1022 1184 1268 1237 commemoratur

138 1276 177 1346 ad
197 1281 233 1358 6,
256 1281 329 1346 197.
356 1284 459 1345 Scotto
482 1291 598 1362 praeter
614 1286 724 1345 librum
743 1283 1053 1360 Oeemreugustenum
1071 1292 1131 1344 tres
1143 1286 1267 1347 codices

138 1395 243 1456 habuit
264 1414 280 1453 0
301 1395 441 1455 coenobio
461 1395 547 1454 aulae
565 1394 623 1454 Dei
642 1388 688 1476 (v.
711 1396 749 1454 ad
769 1390 802 1469 6,
827 1389 928 1476 103).
955 1395 1102 1454 Robertus
1126 1395 1220 1456 Titias
1233 1395 1266 1453 in

139 1505 235 1578 „locis
256 1499 470 1593 controversis’'
492 1521 565 1563 usus
586 1509 632 1563 est
649 1504 748 1564 codice
766 1508 868 1565 vetere
890 1496 936 1585 (v.
951 1504 990 1563 ad
1005 1500 1056 1578 18,
1071 1498 1159 1585 42),
1179 1522 1267 1580 quem

141 1613 269 1677 00010000
283 1616 471 1673 membranas
484 1613 555 1674 dicit
567 1614 598 1673 in
612 1615 774 1675 assertione
788 1594 818 1692 p.
835 1609 909 1675 206.
931 1615 1099 1674 Torrentius
1112 1605 1269 1699 aliquoties

140 1724 269 1784 codicem
283 1743 372 1784 suum
387 1734 607 1797 commemorat,
622 1725 667 1784 uti
680 1725 719 1783 ad
734 1719 786 1797 16,
802 1720 876 1784 237.
891 1719 944 1796 34,
959 1719 1023 1798 33,
1048 1725 1197 1785 Turnebus
1210 1742 1267 1784 au-

140 1844 200 1895 tem
218 1835 250 1894 in
268 1834 446 1913 adversariis
468 1824 637 1913 saepissime
657 1835 696 1894 ad
717 1834 833 1894 codices
853 1853 924 1895 suos
942 1841 1099 1921 provocet,
1119 1852 1193 1911 quos
1207 1841 1273 1893 tras

141 1945 357 2006 vetustissimos
373 1945 467 2034 inisse
480 1945 555 2006 dixit
568 1946 607 2005 ad
621 1945 714 2025 praef.
730 1949 746 2017 ξ
761 1940 813 2005 16.
831 1940 881 2009 19.
908 1945 1011 2005 Ursini
1024 1926 1118 2003 codex
1130 1942 1277 2005 laudatur·

140 2057 179 2116 ad
191 2051 222 2129 8,
235 2049 307 2116 165.
325 2051 397 2117 187.
413 2051 465 2131 26,
479 2052 530 2116 93.
546 2051 598 2130 35,
611 2051 697 2129 149,
713 2056 828 2116 codices
841 2056 881 2114 ad
891 2050 922 2128 9,
935 2049 1021 2127 170.;
1036 2055 1073 2113 de
1086 2054 1139 2113 1110
1152 2055 1269 2115 locutus

141 2172 187 2225 est
200 2165 230 2224 in
244 2166 405 2242 appendice
419 2166 457 2223 ad
472 2163 620 2224 Ciacconii
632 2166 741 2229 librum
755 2167 792 2226 de
805 2163 946 2238 triclinio,
967 2170 997 2225 et
1011 2164 1038 2224 si
1051 2183 1123 2224 vera
1135 2165 1271 2225 narravit

142 2274 338 2347 Rezzcnims,
359 2290 439 2333 nunc
456 2282 576 2334 notatur
595 2273 757 2335 Vaticanus
776 2270 860 2335 3861
882 2267 955 2356 (D).
981 2274 1103 2337 Venetus
1123 2275 1215 2354 codex
1227 2273 1269 2335 D.

143 2381 268 2443 Antonii
281 2383 407 2444 innotuit
422 2380 575 2444 Gronovio
589 2388 668 2444 obss.
684 2381 714 2457 1,
729 2380 760 2444 4.
776 2378 860 2465 (coll.
875 2385 919 2443 ad.
927 2379 981 2458 36,
997 2380 1165 2462 71.),01100
1182 2387 1270 2448 Vene-

146 2504 193 2555 100
207 2492 395 2553 Besserionis
408 2494 549 2554 laudatur
561 2495 600 2554 ad
614 2491 646 2569 4.
663 2490 735 2556 107.

186 2604 309 2665 Praeter
327 2605 382 2665 hos
403 2605 518 2665 codices
538 2605 677 2684 permulti
698 2606 817 2681 quidem
836 2605 888 2664 0111
908 2625 927 2664 0
940 2603 1169 2665 Moutalaloonio
1182 2605 1214 2664 in
1227 2604 1271 2664 bi·

134 2713 291 2774 ‘bliotheca
310 2713 568 2790 bibliothecarum,
591 2713 706 2776 Gemite
720 2716 816 2775 Turre
830 2717 867 2775 de
880 2714 1061 2788 Bomonico,
1081 2714 1226 2775 Haenelio
1238 2713 1271 2774 in

13 2896 17 2902 .
144 2825 279 2902 catalogo
293 2825 426 2886 codicum
439 2833 470 2885 et
482 2827 550 2886 eliis
565 2825 635 2886 viris
649 2826 742 2886 doctis
756 2833 1037 2897 commemorantur,
1052 2825 1103 2901 qui
1116 2824 1272 2886 bibliothe-

145 2950 194 2995 cas
208 2935 517 3011 adierunt'eorumque
530 2934 686 2995 thesauros
700 2935 933 3013 descripserunt,
955 2952 1045 3010 quam
1059 2933 1204 3013 insignem
1218 2950 1271 2992 co-
1343 2964 1349 2973 ›

145 3043 225 3118 piam
246 3061 333 3101 nemo
352 3043 523 3116 mirabitur,
545 3062 613 3102 cum
633 3053 746 3103 constet
765 3063 881 3104 summa
894 3043 1086 3105 admiratione
1099 3053 1195 3104 totum
1208 3062 1272 3103 me·

146 3152 226 3212 dium
247 3170 355 3211 aevum
373 3151 464 3212 Plinii
483 3170 558 3230 0000
577 3161 767 3231 prosecutum
787 3155 894 3228 101000,
915 3155 995 3233 quod
1015 3155 1043 3213 ei
1060 3171 1115 3231 pro
1129 3131 1278 3211 thesauro

147 3260 278 3318 omnium
298 3262 416 3321 omnino
434 3281 533 3322 rerum
552 3271 630 3339 erat,
653 3283 690 3323 00
710 3282 770 3341 quo
783 3265 996 3343 propemodum
1009 3280 1069 3323 uno
1083 3278 1197 3320 omnem
1212 3279 1274 3335 qua

147 3370 275 3446 egebant
287 3371 469 3446 antiquitatis
484 3373 635 3433 scientiam
648 3373 809 3449 1000010000.
833 3372 1035 3436 1100100000
1048 3374 1159 3434 Ianus
1173 3370 1274 3430 00111-

148 3479 217 3556 011οἱ
244 3481 422 3560 experientia
442 3483 563 3543 edoctus
579 3484 613 3543 ·10
632 3487 713 3544 obss.
735 3485 810 3547 mitt.
831 3503 862 3562 p.
883 3480 913 3544 9.
934 3502 980 3560 sq.
1001 3483 1153 3561 professus
1171 3487 1217 3542 eet
1236 3500 1276 3541 ex

148 3591 284 3669 quamvis
304 3609 414 3668 magno
433 3613 534 3653 eorum
553 3613 675 3654 numero
696 3595 747 3654 vix
764 3612 905 3671 magnum
926 3595 1111 3654 commodum
1129 3593 1168 3653 ad
1186 3591 1276 3652 Plinii

149 3697 380 3763 emendationem
393 3705 625 3764 redundaturum
639 3723 715 3777 esse,
730 3705 789 3764 nisi
803 3703 879 3764 forte
890 3704 985 3764 codex
994 3703 1099 3779 aliquis
1110 3703 1274 3780 detegetur,

150 3813 201 3887 qui
215 3812 320 3873 maiori
333 3815 410 3891 parti
424 3815 568 3873 naturalis
583 3814 722 3874 historiae
737 3834 801 3874 eam
816 3833 901 3893 opem
915 3814 1008 3887 ferat,
1031 3832 1121 3890 quam
1134 3813 1275 3874 Bamber·

150 3923 248 3996 gensis
267 3931 415 3983 extremae
434 3923 512 3983 tulit.
539 3922 619 3982 Nam
633 3925 746 4000 priores
760 3924 848 3984 Plinii
861 3925 954 3985 libros
968 3925 999 3985 in
1014 3923 1171 3998 codicibus,
1186 3932 1275 4000 quot-

151 4039 223 4106 quot
242 4049 344 4092 eorum
361 4034 566 4107 innotuerunt,
589 4035 723 4095 omuibus
737 4054 829 4112 aeque
843 4035 999 4095 lacunosos
1018 4053 1095 4108 esse,
1117 4041 1207 4112 atque
1219 4053 1275 4113 po·

153 4141 254 4200 010001
268 4141 386 4205 fuerunt
401 4152 468 4204 ante
483 4146 627 4204 detectum
642 4144 904 4244 Bambergenaem,
921 4165 987 4206 cum
1002 4145 1120 4206 aliunde
1135 4145 1277 4206 coniicere
