2888 4794
603 307 793 352 Pnaesa'rro.
1184 325 1186 330 ·
1204 308 1260 350 11¹1

137 469 182 522 est
198 463 363 522 immutata.
390 462 470 522 Nam
484 470 519 522 ut
537 472 651 522 taceam
666 463 786 522 illorum
800 462 942 522 librorum
956 461 1195 534 emendationem,
1209 462 1262 520 ubi

136 572 361 650 Bambergensis
376 590 430 630 nos
444 573 583 646 destituit,
594 575 633 632 ab
645 592 680 632 ee
693 573 878 650 perfectione,
894 591 970 648 quae
983 590 1035 630 sex
1048 572 1132 631 libris
1145 579 1261 648 postre-

137 683 193 740 mis
212 702 266 759 per
286 682 371 742 illum
392 681 529 758 contigit,
551 684 656 742 mirum
677 691 820 758 quantum
840 685 957 756 abesse,
979 681 1101 758 deipsis
1116 681 1261 758 prioribus

136 793 220 851 libris
234 810 394 867 eorumque
408 793 610 852 emendatione
623 793 731 852 rectius
745 794 866 868 quidem
880 811 969 868 quam
983 799 1051 850 ante
1064 791 1262 867 Bambergen-

137 919 200 960 sem
213 909 362 978 repertum
383 903 514 962 iudicare
534 921 705 979 possumus3
726 904 777 961 sed
797 905 871 962 haec
882 904 949 981 ipsa
962 901 1156 977 intelligentia
1170 900 1261 959 coufi-

138 1011 268 1071 dentiam
287 1012 377 1070 animi
397 1012 524 1070 multum
544 1013 698 1072 imminuat
718 1031 838 1072 necesse
857 1021 910 1071 est.
938 1010 1053 1086 Quodsi
1071 1011 1149 1069 enim
1170 1009 1263 1069 codex

137 1119 363 1198 Bambergensis
378 1140 438 1180 non
452 1123 583 1181 detectus
598 1122 711 1196 luisset,
727 1141 782 1199 per
795 1124 888 1181 libros
902 1121 1142 1199 praestantiores,
1157 1120 1262 1196 quales

139 1239 209 1290 sunt
220 1229 360 1305 Aves,
377 1233 484 1307 quibus
498 1232 626 1310 proximi
640 1234 783 1291 accedunt
805 1226 901 1304 ΘΤᾱ,
926 1231 958 1289 id
972 1231 1048 1289 effici
1058 1248 1145 1308 posse
1159 1229 1261 1289 existi·

139 1347 250 1400 matum
261 1341 347 1414 foret,
358 1331 393 1400 ut
403 1343 546 1402 naturalis
557 1343 689 1415 historia,
701 1343 726 1402 si
742 1362 800 1401 non
817 1342 856 1401 ad
867 1343 984 1419 plenem
995 1341 1042 1400 sui
1051 1341 1260 1416 integritatem,

138 1459 170 1510 et
190 1460 268 1510 certe
287 1453 325 1510 ad
344 1470 411 1511 eum
430 1452 554 1511 nitorem
574 1454 772 1527 reduceretur,
789 1453 839 1528 qui
852 1453 890 1511 ab
908 1451 961 1510 illa
981 1451 1114 1527 proxime
1133 1450 1262 1509 abesset.

139 1562 222 1620 Haec
242 1580 309 1639 spes
329 1569 393 1620 tota
410 1568 457 1620 est
474 1581 626 1622 concussa.
659 1562 713 1624 Uti
733 1562 816 1622 crisis
837 1561 929 1621 Plinii
947 1580 1001 1638 per
1014 1560 1262 1634 Bambergensem

139 1680 184 1730 est
196 1671 311 1730 facilior
324 1671 413 1744 lacta,
430 1672 509 1747 quod
530 1691 609 1731 nunc
622 1673 729 1731 rectius
745 1674 783 1731 de
798 1672 944 1731 codicibus
959 1688 1119 1744 eorumque
1133 1670 1263 1729 auctori·

138 1787 199 1840 tate
212 1782 342 1840 iudicare
354 1783 433 1854 licet,
448 1776 491 1840 i'ta
502 1783 602 1840 eadem
613 1783 707 1840 multo
718 1800 809 1857 quam
822 1791 911 1840 antea
924 1781 1065 1840 difficilior
1078 1780 1180 1850 evasit,
1196 1779 1264 1854 quia

138 1908 158 1949 a
171 1889 384 1964 Bambergensi
398 1891 533 1947 destituti
547 1909 670 1966 prorsus
685 1892 767 1948 dubii
780 1893 946 1961 haeremus,
962 1906 1115 1962 quousque
1128 1887 1265 1964 progredi

137 2001 233 2059 liceat
255 2000 336 2057 Nam
350 2000 398 2056 vel
412 1996 588 2055 fortissimus
602 2000 839 2056 membranarum
861 1998 974 2056 assecla
993 1997 1124 2056 confiteri
1137 1996 1263 2069 debebit,

138 2130 193 2190 per·
207 2110 275 2169 illos
290 2127 365 2184 quos
380 2125 472 2185 supra
481 2108 709 2185 praestantiores
721 2109 784 2181 dixi
795 2109 918 2180 codices,
934 2108 959 2165 si
973 2127 1040 2166 cum
1054 2106 1264 2182 Bambergensi

139 2227 360 2298 comparantur,
385 2237 446 2276 non
469 2217 596 2276 multum
624 2218 727 2294 profici
752 2211 851 2296 (cuius
874 2218 917 2276 rei
936 2237 1003 2276 cum
1026 2217 1180 2276 innumera
1204 2217 1263 2277 alie

132 2328 365 2405 exemplatum
387 2328 620 2387 luculentissima
634 2337 751 2386 exstent
765 2323 817 2400 36,
839 2322 889 2388 65.
911 2330 1006 2387 etalii
1025 2330 1154 2388 cecidere
1173 2348 1263 2405 repca.

140 2439 248 2498 Statuit
262 2458 318 2511 eos,
333 2436 382 2498 vel
397 2432 449 2509 36,
466 2434 516 2496 72.
538 2440 650 2514 iapeaio
670 2439 805 2498 Facundi
823 2438 899 2498 Noai
917 2439 1122 2512 mathematici,
1147 2440 1209 2512 ubi,
1229 2445 1264 2498 ut

139 2547 211 2607 nihil
225 2549 319 2606 dicam
334 2549 370 2605 de
384 2565 473 2623 grege
487 2547 637 2607 inutilium
651 2549 785 2607 codicum
800 2548 925 2623 Zoegae,
941 2549 990 2608 vel
1003 2549 1073 2608 boni
1093 2549 1260 2623 ceteroquin

141 2658 265 2728 codices,
281 2658 384 2731 quales
399 2663 469 2715 sunt
488 2656 631 2730 RVTd,
650 2659 723 2716 nihil
744 2659 825 2729 dant,
848 2659 927 2732 quod
945 2658 1003 2717 illis
1025 2660 1155 2716 codicum
1169 2658 1263 2717 servis
1373 2708 1380 2721 ,

141 2763 292 2842 arrideat),
319 2773 349 2823 et
373 2767 495 2842 proinde
519 2766 653 2825 inlibris
676 2767 797 2841 triginta
824 2767 971 2841 prioribus
995 2767 1157 2841 permultos
1183 2767 1264 2825 locos

141 2894 297 2954 superesse
318 2875 441 2947 dolebit,
462 2875 514 2933 ubi
535 2877 732 2954 corruptelam
749 2875 941 2935 insanabilem
965 2876 1057 2933 latere
1076 2892 1114 2933 ex
1133 2874 1265 2934 codicum

141 2988 290 3064 scriptura
303 2984 447 3061 suspicari
460 2992 560 3062 potest
565 3004 574 3056 3
589 2986 667 3044 idem
682 3005 763 3058 vero,
778 2987 859 3062 quod
874 2987 962 3044 etiem
977 2985 1078 3044 durius
1092 2991 1151 3056 est,
1165 2984 1265 3062 plures
1287 3046 1294 3057 ,

141 3095 267 3155 fortasse
287 3102 404 3152 exstare
424 3096 563 3154 concedet
571 3137 580 3167 ,
595 3096 697 3155 ubine
712 3097 838 3174 suspicio
853 3097 970 3174 quidem
983 3095 1052 3154 talis
1067 3097 1168 3155 oritur.
1191 3094 1265 3171 Quis

142 3222 282 3280 umquam
304 3199 357 3277 35,
381 3200 452 3264 176.
480 3206 543 3264 sine
570 3206 669 3264 codice
689 3204 901 3283 Bambergensi
920 3208 1086 3285 suspicatus
1107 3214 1186 3266 esset
1210 3226 1265 3285 pro

142 3316 265 3375 camna
284 3317 315 3373 ia
335 3317 422 3375 calice
442 3334 511 3374 noco
532 3316 688 3391 legendum
708 3335 773 3375 esse
794 3320 903 3376 wdone
923 3319 953 3375 ia
974 3320 1088 3377 calicem
1108 3320 1183 3390 viai,
1199 3336 1265 3376 cum

142 3423 255 3502 primae
276 3425 358 3485 vocis
377 3424 494 3483 nullum
515 3423 544 3482 in
564 3425 697 3484 omnibus
719 3426 869 3485 codicibus
888 3433 1004 3502 praeter
1016 3425 1265 3502 Bambergensem

144 3533 300 3608 vestigium
314 3540 421 3606 exstet,
437 3542 591 3608 sequentes
605 3535 635 3592 in
648 3535 684 3592 iis
697 3536 784 3593 modo
799 3542 955 3613 corruptae
975 3535 1127 3614 legantur?
1149 3538 1265 3595 Rursus

144 3643 194 3719 qui
214 3643 353 3720 ingenioli
372 3643 419 3702 sui
437 3644 570 3702 acumine
593 3646 765 3721 superbiunt
784 3654 813 3704 et
834 3647 1069 3705 coniecturarum
1094 3665 1150 3722 ope
1169 3644 1266 3702 omnia

143 3755 241 3814 sanari
254 3773 343 3832 posse
358 3755 524 3829 opinantur,
540 3763 684 3830 quantum
695 3756 808 3814 animos
820 3775 921 3814 eorum
933 3756 1016 3814 deiici
1027 3762 1126 3831 putas,
1142 3753 1166 3810 si
1177 3751 1265 3812 Bem-

143 3867 316 3938 bergensem
330 3862 506 3921 intuentur?
530 3864 612 3921 Num
627 3883 714 3939 quem
729 3883 829 3923 eorum
844 3854 917 3923 adeo
929 3866 1070 3922 audacem
1080 3880 1144 3920 esse
1154 3881 1264 3938 censes,

143 3981 179 4032 ut
196 3990 228 4030 se
248 3971 312 4028 solo
333 3971 440 4028 mentis
461 3971 595 4029 acumine
615 3973 828 4031 emendationes
848 3973 981 4049 prolerre
998 3992 1087 4050 posse
1112 3976 1262 4051 spondeat,

145 4083 249 4159 quales
264 4079 476 4153 Bambergensi
496 4087 649 4138 sexcentae
668 4079 829 4139 debentur?
848 4087 882 4138 ut
901 4082 1022 4140 lacunas
1042 4084 1161 4162 explere
1175 4104 1263 4145 cone-

146 4201 204 4267 tur,
220 4210 297 4268 quae
311 4208 330 4248 a
345 4188 410 4249 solo
424 4189 634 4266 Bambergensi
652 4197 831 4251 monstratae
850 4191 939 4251 aciem
959 4193 1006 4253 vel
1024 4197 1263 4272 prudentissimo·
