2888 4794
368 297 438 347 cm.
456 297 502 343 vr.
533 295 611 342 cer.
627 294 714 341 xxv.
729 293 829 342 xxvr.
859 290 957 340 sacr.
973 291 1051 336 aro.
1120 272 1124 284 '
1209 269 1271 334 443

151 449 353 534 Hyrcanium
374 470 393 512 a
415 445 641 534 septentrione.
670 445 724 509 Ex
744 443 784 509 iis
804 465 843 508 xr
869 463 951 528 quae
973 441 1138 528 superiora
1159 439 1272 505 dicun-

153 563 205 617 tur
226 551 382 638 incipiunt
403 573 423 614 a
444 549 580 615 confinio
601 547 777 613 Armeniae
800 544 992 632 Caspiisque
1013 544 1172 622 litoribus,
1197 563 1273 628 per-

152 655 255 718 tinent
268 653 310 718 ad
327 650 475 738 Scythas,
499 673 572 716 cum
595 649 713 733 quibus
736 672 776 715 ex
798 669 902 732 aequo
923 647 1054 733 degrmt.
1076 645 1215 730 Reliqua
1227 664 1275 709 vn
1323 685 1331 692 -

150 779 252 842 regna
277 755 430 820 inferiora
447 751 664 840 appellantur.
698 751 796 834 Quod
824 748 963 816 Parthos
989 748 1117 827 attinet,
1149 768 1276 833 semper

152 858 216 923 fuit
235 857 419 940 Parthyaea
444 856 479 921 in
502 855 665 921 radicibus
687 855 844 921 montium
866 852 994 938 saepius
1017 851 1191 928 dictorum,
1220 847 1276 933 qui
1304 885 1310 901 .

151 981 262 1024 omnes
283 959 342 1022 has
364 957 470 1044 gentis
492 966 696 1042 praetexunt.
717 955 828 1023 Habet
849 955 889 1020 ab
911 964 984 1020 ortu
1004 951 1114 1030 Arios,
1137 975 1157 1015 a
1176 948 1339 1016 meri-11³

152 1060 204 1125 die
234 1056 438 1124 Carmaniam
465 1067 497 1123 et
523 1057 681 1135 Arianos,
711 1058 752 1123 ab
781 1079 899 1123 occasu
925 1053 1067 1119 Pratitas
1095 1051 1230 1130 Medos,
1258 1070 1279 1115 a

154 1159 371 1245 septentrione
397 1156 585 1243 Hyrcanae,
615 1159 757 1242 undique
784 1157 920 1222 desertis
948 1155 1061 1221 cineta
1100 1151 1278 1217 Ulteriores

151 1262 264 1327 Parthi
278 1261 439 1326 Nomades
461 1250 666 1346 appellantur
673 1285 682 1338 3
706 1260 797 1338 citra,
820 1259 956 1336 deserta,
980 1257 1021 1323 ab
1044 1278 1160 1322 occasu
1181 1254 1279 1320 urbes

153 1385 366 1448 eorumquae
388 1362 544 1440 diximus,
567 1361 680 1426 Issatis
703 1371 737 1427 et
758 1358 919 1446 Calliope,
949 1358 990 1424 ab
1012 1358 1135 1423 oriente
1156 1354 1279 1421 aestivo

152 1465 339 1551 Europum,
368 1464 409 1529 ab
431 1463 564 1529 hiberno
585 1459 707 1541 Maria,
734 1462 770 1527 in
789 1461 897 1526 medio
918 1458 1189 1544 Hecatompylos,
1212 1453 1279 1520 Ar-

153 1588 242 1645 sace,
272 1565 363 1653 regio
389 1564 521 1629 Nisiaea
541 1562 743 1647 Parthyenes
769 1561 902 1639 nobilis,
932 1560 989 1625 ubi
1010 1556 1281 1650 Alexandropolis

152 1667 370 1740 aconditore.
1244 1720 1248 1728 .

194 1766 329 1831 XXVI.
352 1763 580 1830 Necessarium
601 1773 650 1828 est
671 1761 788 1828 hocin
808 1761 879 1828 loeo
898 1761 1031 1863 'signare
1053 1771 1086 1827 et
1107 1760 1281 1833 Medorum
1295 1775 1344 1829 114

152 1866 251 1931 situm
280 1875 501 1950 terrarumque
529 1865 646 1931 faciem
673 1864 890 1952 circumagere
918 1863 961 1927 ad
986 1861 1154 1928 Persicum
1180 1882 1281 1940 mare,

154 1989 218 2052 quo
239 1967 366 2055 facilius
388 1967 464 2031 dein
478 1966 601 2051 reliqua
615 1974 799 2031 noscantur.
822 1964 969 2048 Namque
983 1962 1097 2029 Media
1110 1962 1151 2028 ab
1166 1984 1283 2028 occasu

154 2079 337 2134 transversa
365 2068 494 2153 obliqua
517 2067 670 2159 Parthiae
696 2089 868 2132 occurrens
895 2076 1032 2151 utraque
1057 2088 1159 2154 regna
1186 2085 1281 2151 pras-

155 2170 267 2235 cludit.
297 2170 409 2235 Habet
430 2170 601 2256 ergo-ipsa
625 2169 761 2235 abortu
784 2166 923 2254 Caspios
946 2178 979 2234 et
998 2168 1148 2246 Parthos,
1171 2190 1191 2232 a
1211 2188 1280 2232 me·

153 2272 236 2338 ridie
252 2270 438 2338 Sittacenen
454 2281 488 2336 et
503 2269 664 2342 Susianen
679 2282 713 2336 et
725 2269 875 2349 Persida,
891 2270 932 2336 ab
947 2291 1065 2336 occasu
1075 2269 1280 2348 Adiabenen,

150 2395 172 2438 a
192 2372 413 2460 septentrione
434 2371 633 2454 Armeniam.
660 2371 783 2438 Persae
804 2369 939 2437 rubrum
960 2393 1050 2438 mare
1072 2393 1200 2457 semper
1221 2368 1280 2435 ad·
1296 2381 1344 2431 111

151 2579 310 2646 appellantur
326 2581 362 2632 ad
376 2578 485 2631 Partioe
501 2580 610 2641 eniteat,
626 2580 695 2629 Pina
713 2618 746 2628 ..
773 2577 851 2640 Quod,
868 2579 900 2629 R.
925 2577 998 2636 Quod
1012 2576 1055 2639 ad,
1072 2573 1144 2642 ᾶβγ.
1163 2617 1195 2627 ..
1212 2577 1280 2627 Par·

151 2643 384 2781 igist’aaffillegs'sgy.
401 2647 512 2701 Parthia
524 2665 562 2709 ea,
574 2650 598 2698 d.
615 2644 732 2708 Parthia,
743 2642 795 2711 βγ.
808 2687 840 2696 ..
854 2643 1000 2710 dictorumi
1013 2651 1054 2697 41.
1068 2684 1100 2694 -
1118 2643 1173 2707 bae,
1182 2646 1279 2696 R²Td

185 2813 271 2874 §na
298 2814 438 2877 Heliconii
462 2856 494 2866 ..
519 2815 718 2876 0111111.-
744 2810 970 2875 comertiaco.
988 2854 1020 2862 ..
1038 2809 1279 2872 Aboriamalde.

152 2921 184 2930 ..
202 2879 327 2942 Pratitae,
344 2883 391 2932 Rd
406 2878 491 2944 (codd.
507 2880 627 2946 Barbar.)
652 2881 792 2942 Partiitae,
809 2882 904 2934 Sabell.
931 2878 1105 2946 Hyspratitae,
1120 2880 1227 2930 Barbar.
1246 2919 1279 2929 ..

151 2946 249 3009 Medos,
261 2946 477 3012 Reaasslymas,
489 2950 584 3002 Sabell.
603 2991 636 3000 ..
652 2948 787 3012 Nemone,
800 2952 824 2999 d.
847 2990 879 2999 -
902 2948 1007 3000 dirimas
1019 2950 1033 3012 §
1045 2953 1086 2998 44.
1109 2988 1141 2997 -
1169 2943 1279 3012 Caliope,

151 3015 183 3064 R.
197 3055 229 3063 ..
248 3014 458 3079 sareptanum
470 3033 507 3078 ea,
520 3033 597 3080 quam
610 3016 793 3068 commemorat
803 3019 911 3067 Ptolem.
924 3031 1012 3080 geogr.
1023 3017 1070 3066 VI.
1084 3022 1108 3077 2,
1123 3015 1179 3066 ta?
1197 3014 1280 3079 Pyro-

147 3099 214 3147 pum,
226 3082 251 3130 R
259 3076 336 3132 θΤᾱ.
354 3079 483 3147 Peropum,
496 3087 569 3134 codd.
581 3086 696 3136 Barbari.
709 3126 742 3135 -
754 3083 853 3146 Μανία,
862 3087 887 3136 R
896 3079 967 3135 θΤᾱ
977 3083 1061 3147 (codd.
1074 3083 1183 3135 Salmas.
1196 3097 1278 3133 exerc.

151 3165 175 3215 p.
189 3156 247 3200 842.
259 3152 284 3199 b.
296 3146 341 3212 E.)
358 3148 457 3210 Mania,
469 3146 520 3215 βγ.
538 3151 632 3213 Zaaia,
644 3153 723 3203 Hard.
742 3193 775 3203 ..
793 3152 879 3215 medio,
891 3154 916 3203 R
927 3146 1006 3204 OTd.
1023 3152 1111 3213 media,
1123 3146 1153 3212 β.
1173 3190 1205 3200 -
1227 3148 1278 3199 Ar-

150 3233 206 3268 sace
218 3216 292 3281 rapio,
304 3218 329 3269 R
339 3206 418 3265 OTd.
435 3215 551 3279 Arsacia,
563 3219 632 3286 reaia
643 3217 687 3282 N,
699 3223 803 3271 Barbar.
815 3217 844 3282 β.
866 3220 980 3271 Medeae
993 3221 1070 3284 recia,
1081 3221 1150 3271 Pint.
1162 3233 1187 3284 γ,
1204 3219 1243 3269 At
1253 3233 1277 3268 t.

151 3283 297 3336 Schneider.
320 3291 453 3348 grammat.
470 3285 527 3335 Lat.
546 3292 569 3336 2.
590 3301 617 3351 p·
634 3293 675 3336 38.
700 3289 744 3338 Ex
760 3288 877 3338 codicum
892 3289 970 3350 igitur
986 3290 1110 3352 scriptura
1122 3289 1246 3353 oppidum
1263 3303 1280 3336 a

151 3354 239 3404 ceteris
257 3352 423 3417 scriptoribus
439 3350 549 3401 Arsacia
566 3353 662 3414 dictum
677 3368 773 3403 nomen
788 3353 884 3404 Aream
900 3357 998 3415 habuit,
1015 3363 1041 3404 et
1057 3370 1148 3404 vocem
1164 3355 1230 3421 reyio
1246 3355 1279 3405 ed

150 3423 281 3484 sequentia
289 3420 446 3470 referendam
456 3433 510 3468 esse
519 3422 612 3469 docent
620 3420 697 3468 verba
705 3419 749 3468 abi
758 3459 789 3468 ..
800 3421 932 3480 conditore,
945 3435 1010 3482 quae
1019 3429 1118 3470 tentum
1127 3425 1158 3471 de
1166 3423 1277 3484 regione,

150 3503 203 3536 non
214 3492 250 3544 de„
258 3489 353 3550 oppido
363 3487 413 3536 dici
424 3492 538 3548 possunt.
552 3485 671 3536 Ceterum
683 3486 760 3536 aliam
771 3501 875 3550 quoque
886 3488 1068 3537 coniecturam:
1080 3485 1277 3552 Hecatompylos,

149 3551 584 3618 AreaoeReyioareeaPar-tlyeaee
595 3552 679 3604 nobilis
695 3554 738 3603 abi
751 3550 802 3616 Aa,
817 3555 884 3604 Pint.
901 3556 1030 3618 proponit.
1057 3593 1089 3604 ..
1114 3552 1277 3614 NisiaeaR.

149 3619 280 3681 Nieiraea,
293 3622 345 3671 Td.
363 3619 454 3686 Nesia,
470 3613 498 3671 θ.
516 3616 684 3686 Νἱεαεα,βγ.
711 3619 820 3684 Nesaea,
831 3624 937 3674 Barbar.
965 3662 997 3671 -
1028 3618 1277 3686 Alexandropolirub,

148 3687 194 3737 3¹.
215 3685 413 3754 Alexandropoli
424 3691 477 3752 aab,
490 3691 514 3740 d.
539 3686 543 3693 ’

183 3786 198 3847 ξ
212 3795 268 3839 114.
287 3787 332 3839 boe
344 3789 380 3851 in,
391 3791 446 3840 Rd.
464 3789 489 3839 ia
501 3788 555 3850 loc,
567 3784 619 3852 βγ.
632 3830 664 3838 ..
674 3805 734 3906 guo,
745 3789 778 3838 R.
797 3788 870 3852 quod,
884 3784 964 3839 OTd.
979 3830 1010 3838 -
1023 3788 1085 3850 dein,
1097 3781 1158 3840 R'O.
1177 3786 1275 3850 deinde,
1382 3776 1385 3783 “

150 3851 221 3920 ᾱβγ.
236 3896 267 3905 -
285 3865 428 3919 comentur,
439 3873 460 3907 r.
472 3898 505 3907 -
524 3857 631 3920 obliqua,
643 3858 668 3908 R
699 3858 730 3907 Τ.
749 3856 851 3921 oblique,
863 3858 879 3906 d
891 3852 983 3919 (Rob.)
995 3851 1046 3921 βγ.
1065 3854 1185 3919 obliquae,
1196 3856 1235 3906 K.-
1243 3897 1276 3906 .-

149 3920 310 3985 Parthiam,
321 3925 390 3975 Pint.
404 3965 436 3973 -
454 3940 590 3985 occurrens,
601 3926 668 3975 Rob.
688 3940 827 3985 manmena,
839 3925 884 3974 3².
907 3938 1049 3986 accurrens,
1061 3923 1107 3973 1³¹.
1125 3941 1152 3974 eo
1164 3937 1276 3987 currere,

149 3992 173 4039 d.
186 4029 219 4039 -
235 3990 384 4055 praecludit,
396 3994 421 4043 R
430 3986 513 4043 OTd.
531 3991 641 4053 includit,
649 3993 714 4044 Rob.
723 3988 774 4057 βγ.
788 4033 820 4042 ..
832 4008 895 4057 erqo,
903 3991 951 4043 Rd
960 3988 1047 4054 (codd.
1058 3989 1160 4054 Gelon.)
1173 3991 1231 4043 Om.
1241 3992 1275 4043 Κ.

147 4097 181 4107 ..
201 4056 347 4118 Sittacenen,
367 4060 472 4110 Barbar.
498 4058 692 4122 Saracenas.
719 4059 876 4122 sareanen,
889 4061 913 4110 d.
944 4058 1175 4122 coamantes.
1200 4100 1232 4109 -
1250 4067 1276 4109 et

147 4123 264 4185 Persida,
276 4127 343 4176 Rob.
360 4125 479 4188 Persida,
491 4127 523 4176 R.
541 4126 654 4191 Persica,
667 4128 720 4180 Td.
734 4169 765 4180 ..
784 4145 802 4179 a
811 4127 976 4195 eepwatrioae,
988 4129 1020 4180 R.
1039 4129 1075 4180 ad
1083 4129 1274 4194 septentrionem,

150 4186 200 4244 θΤ
212 4190 305 4256 (Rob.)
330 4192 384 4243 nati
399 4193 594 4259 septentrionem,
609 4197 633 4246 d.
