<?xml version="1.0" encoding="UTF-8"?>
<!DOCTYPE html PUBLIC "-//W3C//DTD XHTML 1.0 Transitional//EN"
    "http://www.w3.org/TR/xhtml1/DTD/xhtml1-transitional.dtd">
<html xmlns="http://www.w3.org/1999/xhtml" xml:lang="en" lang="en">
 <head>
  <title>
</title>
<meta http-equiv="Content-Type" content="text/html;charset=utf-8" />
  <meta name='ocr-system' content='tesseract 3.04.00' />
  <meta name='ocr-capabilities' content='ocr_page ocr_carea ocr_par ocr_line ocrx_word'/>
</head>
<body>
  <div class='ocr_page' id='page_1' title='image "./cplinisecundina08plingoog_0103.png"; bbox 0 0 2888 4794; ppageno 0'>
   <div class='ocr_carea' id='block_1_1' title="bbox 177 299 838 345">
    <p class='ocr_par' dir='ltr' id='par_1_1' title="bbox 177 299 838 345">
     <span class='ocr_line' id='line_1_1' title="bbox 177 299 838 345; baseline -0.002 0"><span class='ocrx_word' id='word_1_1' title='bbox 177 301 305 345; x_wconf 78' lang='lat' dir='ltr'>nxxvm</span> <span class='ocrx_word' id='word_1_2' title='bbox 648 299 838 344; x_wconf 65' lang='lat' dir='ltr'>resumo.</span> 
     </span>
    </p>
   </div>
   <div class='ocr_carea' id='block_1_2' title="bbox 169 452 1352 3937">
    <p class='ocr_par' dir='ltr' id='par_1_2' title="bbox 169 452 1352 3937">
     <span class='ocr_line' id='line_1_2' title="bbox 176 452 1305 530; baseline 0 -15"><span class='ocrx_word' id='word_1_3' title='bbox 176 462 250 530; x_wconf 88' lang='lat' dir='ltr'>tere,</span> <span class='ocrx_word' id='word_1_4' title='bbox 270 463 305 514; x_wconf 90' lang='lat' dir='ltr'>ut</span> <span class='ocrx_word' id='word_1_5' title='bbox 323 455 448 514; x_wconf 87' lang='lat' dir='ltr'>lectores</span> <span class='ocrx_word' id='word_1_6' title='bbox 462 454 638 513; x_wconf 73' lang='lat' dir='ltr'><strong>admoneant</strong></span> <span class='ocrx_word' id='word_1_7' title='bbox 656 454 750 514; x_wconf 87' lang='lat' dir='ltr'>latere</span> <span class='ocrx_word' id='word_1_8' title='bbox 764 455 811 514; x_wconf 92' lang='lat' dir='ltr'>hic</span> <span class='ocrx_word' id='word_1_9' title='bbox 824 453 934 530; x_wconf 85' lang='lat' dir='ltr'>aliquid</span> <span class='ocrx_word' id='word_1_10' title='bbox 948 452 1027 528; x_wconf 87' lang='lat' dir='ltr'>quod</span> <span class='ocrx_word' id='word_1_11' title='bbox 1041 452 1246 514; x_wconf 84' lang='lat' dir='ltr'>observatione</span> <span class='ocrx_word' id='word_1_12' title='bbox 1266 457 1305 515; x_wconf 92' lang='lat' dir='ltr'>sit</span> 
     </span>
     <span class='ocr_line' id='line_1_3' title="bbox 176 562 1302 641; baseline 0.001 -17"><span class='ocrx_word' id='word_1_13' title='bbox 176 565 308 641; x_wconf 87' lang='lat' dir='ltr'>dignum.</span> <span class='ocrx_word' id='word_1_14' title='bbox 330 563 414 623; x_wconf 86' lang='lat' dir='ltr'>Idut</span> <span class='ocrx_word' id='word_1_15' title='bbox 426 565 547 641; x_wconf 87' lang='lat' dir='ltr'>probari</span> <span class='ocrx_word' id='word_1_16' title='bbox 559 571 658 641; x_wconf 86' lang='lat' dir='ltr'>potest</span> <span class='ocrx_word' id='word_1_17' title='bbox 671 565 702 623; x_wconf 91' lang='lat' dir='ltr'>in</span> <span class='ocrx_word' id='word_1_18' title='bbox 717 564 858 640; x_wconf 79' lang='lat' dir='ltr'>scriptore</span> <span class='ocrx_word' id='word_1_19' title='bbox 872 562 983 638; x_wconf 85' lang='lat' dir='ltr'>aliquo,</span> <span class='ocrx_word' id='word_1_20' title='bbox 998 563 1049 637; x_wconf 92' lang='lat' dir='ltr'>qui</span> <span class='ocrx_word' id='word_1_21' title='bbox 1063 564 1302 625; x_wconf 84' lang='lat' dir='ltr'>coniecturarum</span> 
     </span>
     <span class='ocr_line' id='line_1_4' title="bbox 178 673 1305 752; baseline 0 -17"><span class='ocrx_word' id='word_1_22' title='bbox 178 694 234 752; x_wconf 88' lang='lat' dir='ltr'>ope</span> <span class='ocrx_word' id='word_1_23' title='bbox 247 675 343 733; x_wconf 89' lang='lat' dir='ltr'>minus</span> <span class='ocrx_word' id='word_1_24' title='bbox 357 675 438 749; x_wconf 80' lang='lat' dir='ltr'>eguit</span> <span class='ocrx_word' id='word_1_25' title='bbox 450 674 500 734; x_wconf 84' lang='lat' dir='ltr'>vel</span> <span class='ocrx_word' id='word_1_26' title='bbox 510 675 630 734; x_wconf 89' lang='lat' dir='ltr'>omnino</span> <span class='ocrx_word' id='word_1_27' title='bbox 643 674 740 734; x_wconf 89' lang='lat' dir='ltr'>minus</span> <span class='ocrx_word' id='word_1_28' title='bbox 751 680 909 750; x_wconf 88' lang='lat' dir='ltr'>corruptus</span> <span class='ocrx_word' id='word_1_29' title='bbox 922 673 962 732; x_wconf 89' lang='lat' dir='ltr'>ad</span> <span class='ocrx_word' id='word_1_30' title='bbox 975 690 1030 732; x_wconf 93' lang='lat' dir='ltr'>nos</span> <span class='ocrx_word' id='word_1_31' title='bbox 1043 682 1091 733; x_wconf 88' lang='lat' dir='ltr'>est</span> <span class='ocrx_word' id='word_1_32' title='bbox 1103 675 1249 751; x_wconf 80' lang='lat' dir='ltr'>perlatus,</span> <span class='ocrx_word' id='word_1_33' title='bbox 1263 676 1305 736; x_wconf 84' lang='lat' dir='ltr'>ita</span> 
     </span>
     <span class='ocr_line' id='line_1_5' title="bbox 177 772 1303 862; baseline -0.002 -18"><span class='ocrx_word' id='word_1_34' title='bbox 177 785 208 844; x_wconf 89' lang='lat' dir='ltr'>in</span> <span class='ocrx_word' id='word_1_35' title='bbox 222 785 364 861; x_wconf 75' lang='lat' dir='ltr'>scriptore</span> <span class='ocrx_word' id='word_1_36' title='bbox 378 785 509 843; x_wconf 88' lang='lat' dir='ltr'>omnium</span> <span class='ocrx_word' id='word_1_37' title='bbox 523 784 753 860; x_wconf 88' lang='lat' dir='ltr'>corruptissimo,</span> <span class='ocrx_word' id='word_1_38' title='bbox 775 785 828 842; x_wconf 90' lang='lat' dir='ltr'>ubi</span> <span class='ocrx_word' id='word_1_39' title='bbox 842 801 931 860; x_wconf 88' lang='lat' dir='ltr'>saepe</span> <span class='ocrx_word' id='word_1_40' title='bbox 944 772 999 860; x_wconf 87' lang='lat' dir='ltr'>per&#39;</span> <span class='ocrx_word' id='word_1_41' title='bbox 1011 783 1145 859; x_wconf 83' lang='lat' dir='ltr'>singulus</span> <span class='ocrx_word' id='word_1_42' title='bbox 1158 803 1303 862; x_wconf 78' lang='lat' dir='ltr'>paragra-</span> 
     </span>
     <span class='ocr_line' id='line_1_6' title="bbox 176 892 1302 972; baseline 0.003 -20"><span class='ocrx_word' id='word_1_43' title='bbox 176 894 252 972; x_wconf 93' lang='lat' dir='ltr'>phos</span> <span class='ocrx_word' id='word_1_44' title='bbox 260 895 299 954; x_wconf 87' lang='lat' dir='ltr'>ad</span> <span class='ocrx_word' id='word_1_45' title='bbox 309 895 411 971; x_wconf 90' lang='lat' dir='ltr'>plures</span> <span class='ocrx_word' id='word_1_46' title='bbox 424 895 605 954; x_wconf 86' lang='lat' dir='ltr'>coniecturas</span> <span class='ocrx_word' id='word_1_47' title='bbox 615 893 842 970; x_wconf 80' lang='lat' dir='ltr'>confugiendum</span> <span class='ocrx_word' id='word_1_48' title='bbox 855 892 922 966; x_wconf 86' lang='lat' dir='ltr'>fuit,</span> <span class='ocrx_word' id='word_1_49' title='bbox 934 893 1110 952; x_wconf 72' lang='lat' dir='ltr'><strong>incommodi</strong></span> <span class='ocrx_word' id='word_1_50' title='bbox 1122 894 1235 969; x_wconf 83' lang='lat' dir='ltr'>aliquid</span> <span class='ocrx_word' id='word_1_51' title='bbox 1245 897 1302 955; x_wconf 86' lang='lat' dir='ltr'>hu·</span> 
     </span>
     <span class='ocr_line' id='line_1_7' title="bbox 175 1003 1303 1082; baseline -0.001 -17"><span class='ocrx_word' id='word_1_52' title='bbox 175 1007 227 1065; x_wconf 90' lang='lat' dir='ltr'>bet</span> <span class='ocrx_word' id='word_1_53' title='bbox 238 1024 292 1082; x_wconf 89' lang='lat' dir='ltr'>per</span> <span class='ocrx_word' id='word_1_54' title='bbox 305 1004 523 1063; x_wconf 81' lang='lat' dir='ltr'>multitudinem</span> <span class='ocrx_word' id='word_1_55' title='bbox 537 1004 655 1063; x_wconf 90' lang='lat' dir='ltr'>illorum</span> <span class='ocrx_word' id='word_1_56' title='bbox 670 1003 834 1080; x_wconf 87' lang='lat' dir='ltr'>signorum,</span> <span class='ocrx_word' id='word_1_57' title='bbox 861 1021 938 1079; x_wconf 89' lang='lat' dir='ltr'>quae</span> <span class='ocrx_word' id='word_1_58' title='bbox 951 1003 1094 1063; x_wconf 88' lang='lat' dir='ltr'>lectorum</span> <span class='ocrx_word' id='word_1_59' title='bbox 1109 1004 1212 1064; x_wconf 88' lang='lat' dir='ltr'>oculos</span> <span class='ocrx_word' id='word_1_60' title='bbox 1225 1004 1303 1064; x_wconf 85' lang='lat' dir='ltr'>male</span> 
     </span>
     <span class='ocr_line' id='line_1_8' title="bbox 175 1113 1304 1188; baseline -0.002 -14"><span class='ocrx_word' id='word_1_61' title='bbox 175 1115 284 1174; x_wconf 87' lang='lat' dir='ltr'>afficiat</span> <span class='ocrx_word' id='word_1_62' title='bbox 296 1131 418 1173; x_wconf 89' lang='lat' dir='ltr'>necesse</span> <span class='ocrx_word' id='word_1_63' title='bbox 432 1123 486 1172; x_wconf 89' lang='lat' dir='ltr'>est.</span> <span class='ocrx_word' id='word_1_64' title='bbox 514 1113 594 1172; x_wconf 92' lang='lat' dir='ltr'>Huic</span> <span class='ocrx_word' id='word_1_65' title='bbox 606 1114 697 1188; x_wconf 88' lang='lat' dir='ltr'>igitur</span> <span class='ocrx_word' id='word_1_66' title='bbox 709 1113 893 1172; x_wconf 90' lang='lat' dir='ltr'>incommodo</span> <span class='ocrx_word' id='word_1_67' title='bbox 907 1121 941 1171; x_wconf 92' lang='lat' dir='ltr'>ut</span> <span class='ocrx_word' id='word_1_68' title='bbox 955 1131 1152 1186; x_wconf 87' lang='lat' dir='ltr'>occurrerem,</span> <span class='ocrx_word' id='word_1_69' title='bbox 1167 1114 1257 1174; x_wconf 88' lang='lat' dir='ltr'>simul</span> <span class='ocrx_word' id='word_1_70' title='bbox 1268 1122 1304 1173; x_wconf 91' lang='lat' dir='ltr'>ut</span> 
     </span>
     <span class='ocr_line' id='line_1_9' title="bbox 174 1223 1303 1300; baseline 0.003 -18"><span class='ocrx_word' id='word_1_71' title='bbox 174 1225 314 1284; x_wconf 88' lang='lat' dir='ltr'>lectorem</span> <span class='ocrx_word' id='word_1_72' title='bbox 325 1224 477 1282; x_wconf 88' lang='lat' dir='ltr'>certiorem</span> <span class='ocrx_word' id='word_1_73' title='bbox 492 1242 593 1295; x_wconf 84' lang='lat' dir='ltr'>eorum</span> <span class='ocrx_word' id='word_1_74' title='bbox 606 1224 769 1296; x_wconf 77' lang='lat' dir='ltr'>redderem,</span> <span class='ocrx_word' id='word_1_75' title='bbox 784 1240 861 1299; x_wconf 90' lang='lat' dir='ltr'>quae</span> <span class='ocrx_word' id='word_1_76' title='bbox 876 1223 1043 1282; x_wconf 88' lang='lat' dir='ltr'>coniectura</span> <span class='ocrx_word' id='word_1_77' title='bbox 1058 1223 1189 1300; x_wconf 80' lang='lat' dir='ltr'>perlecta</span> <span class='ocrx_word' id='word_1_78' title='bbox 1198 1226 1303 1285; x_wconf 85' lang='lat' dir='ltr'>viden·</span> 
     </span>
     <span class='ocr_line' id='line_1_10' title="bbox 174 1332 1301 1410; baseline 0.002 -18"><span class='ocrx_word' id='word_1_79' title='bbox 174 1340 226 1392; x_wconf 87' lang='lat' dir='ltr'>tur</span> <span class='ocrx_word' id='word_1_80' title='bbox 239 1341 293 1390; x_wconf 87' lang='lat' dir='ltr'>aut</span> <span class='ocrx_word' id='word_1_81' title='bbox 305 1334 483 1410; x_wconf 86' lang='lat' dir='ltr'>perficienda</span> <span class='ocrx_word' id='word_1_82' title='bbox 500 1342 581 1405; x_wconf 89' lang='lat' dir='ltr'>sunt,</span> <span class='ocrx_word' id='word_1_83' title='bbox 597 1333 695 1391; x_wconf 85' lang='lat' dir='ltr'>Plinio</span> <span class='ocrx_word' id='word_1_84' title='bbox 714 1351 780 1391; x_wconf 93' lang='lat' dir='ltr'>meo</span> <span class='ocrx_word' id='word_1_85' title='bbox 799 1333 923 1391; x_wconf 89' lang='lat' dir='ltr'>indicem</span> <span class='ocrx_word' id='word_1_86' title='bbox 943 1332 1030 1390; x_wconf 91' lang='lat' dir='ltr'>illum</span> <span class='ocrx_word' id='word_1_87' title='bbox 1048 1333 1181 1392; x_wconf 89' lang='lat' dir='ltr'>criticum</span> <span class='ocrx_word' id='word_1_88' title='bbox 1198 1335 1301 1407; x_wconf 75' lang='lat' dir='ltr'>adieri,</span> 
     </span>
     <span class='ocr_line' id='line_1_11' title="bbox 176 1442 1302 1519; baseline 0.002 -16"><span class='ocrx_word' id='word_1_89' title='bbox 176 1444 259 1503; x_wconf 90' lang='lat' dir='ltr'>cuius</span> <span class='ocrx_word' id='word_1_90' title='bbox 273 1445 347 1501; x_wconf 88' lang='lat' dir='ltr'>haec</span> <span class='ocrx_word' id='word_1_91' title='bbox 361 1452 408 1502; x_wconf 91' lang='lat' dir='ltr'>est</span> <span class='ocrx_word' id='word_1_92' title='bbox 420 1443 508 1501; x_wconf 88' lang='lat' dir='ltr'>ratio:</span> <span class='ocrx_word' id='word_1_93' title='bbox 532 1443 663 1501; x_wconf 89' lang='lat' dir='ltr'>lemmati</span> <span class='ocrx_word' id='word_1_94' title='bbox 675 1442 873 1519; x_wconf 89' lang='lat' dir='ltr'>subscriptum</span> <span class='ocrx_word' id='word_1_95' title='bbox 885 1460 994 1501; x_wconf 90' lang='lat' dir='ltr'>nomen</span> <span class='ocrx_word' id='word_1_96' title='bbox 1013 1442 1071 1502; x_wconf 85' lang='lat' dir='ltr'>viri</span> <span class='ocrx_word' id='word_1_97' title='bbox 1083 1444 1210 1504; x_wconf 85' lang='lat' dir='ltr'>alicuius</span> <span class='ocrx_word' id='word_1_98' title='bbox 1224 1445 1302 1505; x_wconf 84' lang='lat' dir='ltr'>docti</span> 
     </span>
     <span class='ocr_line' id='line_1_12' title="bbox 176 1551 1301 1628; baseline 0.002 -16"><span class='ocrx_word' id='word_1_99' title='bbox 176 1553 322 1628; x_wconf 84' lang='lat' dir='ltr'>significet</span> <span class='ocrx_word' id='word_1_100' title='bbox 334 1552 409 1612; x_wconf 90' lang='lat' dir='ltr'>illud</span> <span class='ocrx_word' id='word_1_101' title='bbox 422 1555 547 1613; x_wconf 82' lang='lat' dir='ltr'>verbum</span> <span class='ocrx_word' id='word_1_102' title='bbox 562 1554 730 1612; x_wconf 86' lang='lat' dir='ltr'>coniectura</span> <span class='ocrx_word' id='word_1_103' title='bbox 742 1551 831 1612; x_wconf 89' lang='lat' dir='ltr'>huius</span> <span class='ocrx_word' id='word_1_104' title='bbox 845 1553 904 1612; x_wconf 87' lang='lat' dir='ltr'>viri</span> <span class='ocrx_word' id='word_1_105' title='bbox 918 1569 983 1611; x_wconf 89' lang='lat' dir='ltr'>esse</span> <span class='ocrx_word' id='word_1_106' title='bbox 996 1553 1165 1612; x_wconf 90' lang='lat' dir='ltr'>restitutum</span> <span class='ocrx_word' id='word_1_107' title='bbox 1178 1561 1209 1613; x_wconf 86' lang='lat' dir='ltr'>et</span> <span class='ocrx_word' id='word_1_108' title='bbox 1224 1553 1301 1614; x_wconf 88' lang='lat' dir='ltr'>hanc</span> 
     </span>
     <span class='ocr_line' id='line_1_13' title="bbox 175 1661 1300 1739; baseline 0 -16"><span class='ocrx_word' id='word_1_109' title='bbox 175 1663 370 1723; x_wconf 88' lang='lat' dir='ltr'>coniecturam</span> <span class='ocrx_word' id='word_1_110' title='bbox 386 1671 487 1739; x_wconf 89' lang='lat' dir='ltr'>spreta</span> <span class='ocrx_word' id='word_1_111' title='bbox 501 1663 632 1720; x_wconf 89' lang='lat' dir='ltr'>omnium</span> <span class='ocrx_word' id='word_1_112' title='bbox 645 1662 778 1721; x_wconf 89' lang='lat' dir='ltr'>codicum</span> <span class='ocrx_word' id='word_1_113' title='bbox 792 1661 917 1721; x_wconf 90' lang='lat' dir='ltr'>lectione</span> <span class='ocrx_word' id='word_1_114' title='bbox 930 1670 983 1721; x_wconf 90' lang='lat' dir='ltr'>aut</span> <span class='ocrx_word' id='word_1_115' title='bbox 995 1681 1015 1721; x_wconf 88' lang='lat' dir='ltr'>a</span> <span class='ocrx_word' id='word_1_116' title='bbox 1027 1662 1173 1739; x_wconf 74' lang='lat' dir='ltr'>prionlrus</span> <span class='ocrx_word' id='word_1_117' title='bbox 1183 1664 1300 1723; x_wconf 83' lang='lat' dir='ltr'>editori·</span> 
     </span>
     <span class='ocr_line' id='line_1_14' title="bbox 174 1768 1300 1853; baseline -0.004 -20"><span class='ocrx_word' id='word_1_118' title='bbox 174 1774 232 1834; x_wconf 88' lang='lat' dir='ltr'>bus</span> <span class='ocrx_word' id='word_1_119' title='bbox 245 1781 300 1831; x_wconf 86' lang='lat' dir='ltr'>aut</span> <span class='ocrx_word' id='word_1_120' title='bbox 316 1792 336 1832; x_wconf 89' lang='lat' dir='ltr'>a</span> <span class='ocrx_word' id='word_1_121' title='bbox 348 1792 397 1832; x_wconf 90' lang='lat' dir='ltr'>me</span> <span class='ocrx_word' id='word_1_122' title='bbox 410 1791 475 1832; x_wconf 89' lang='lat' dir='ltr'>esse</span> <span class='ocrx_word' id='word_1_123' title='bbox 488 1781 652 1850; x_wconf 83' lang='lat' dir='ltr'>receptam3</span> <span class='ocrx_word' id='word_1_124' title='bbox 672 1773 804 1830; x_wconf 88' lang='lat' dir='ltr'>lemmati</span> <span class='ocrx_word' id='word_1_125' title='bbox 817 1773 984 1849; x_wconf 88' lang='lat' dir='ltr'>subscripta</span> <span class='ocrx_word' id='word_1_126' title='bbox 1001 1772 1102 1831; x_wconf 86' lang='lat' dir='ltr'>littera</span> <span class='ocrx_word' id='word_1_127' title='bbox 1120 1768 1138 1853; x_wconf 87' lang='grc' dir='ltr'>β</span> <span class='ocrx_word' id='word_1_128' title='bbox 1156 1773 1300 1850; x_wconf 71' lang='lat' dir='ltr'>significet</span> 
     </span>
     <span class='ocr_line' id='line_1_15' title="bbox 173 1880 1298 1959; baseline -0.001 -16"><span class='ocrx_word' id='word_1_129' title='bbox 173 1884 306 1944; x_wconf 71' lang='lat' dir='ltr'>exhrlreri</span> <span class='ocrx_word' id='word_1_130' title='bbox 317 1883 370 1942; x_wconf 94' lang='lat' dir='ltr'>illo</span> <span class='ocrx_word' id='word_1_131' title='bbox 383 1885 450 1942; x_wconf 91' lang='lat' dir='ltr'>loco</span> <span class='ocrx_word' id='word_1_132' title='bbox 463 1883 493 1942; x_wconf 90' lang='lat' dir='ltr'>in</span> <span class='ocrx_word' id='word_1_133' title='bbox 507 1883 633 1942; x_wconf 87' lang='lat' dir='ltr'>editione</span> <span class='ocrx_word' id='word_1_134' title='bbox 651 1900 719 1941; x_wconf 87' lang='lat' dir='ltr'>mea</span> <span class='ocrx_word' id='word_1_135' title='bbox 734 1882 909 1958; x_wconf 85' lang='lat' dir='ltr'>scripturam</span> <span class='ocrx_word' id='word_1_136' title='bbox 922 1880 1192 1959; x_wconf 87' lang='lat' dir='ltr'>Deleoampianam‚</span> <span class='ocrx_word' id='word_1_137' title='bbox 1213 1883 1298 1942; x_wconf 86' lang='lat' dir='ltr'>cuius</span> 
     </span>
     <span class='ocr_line' id='line_1_16' title="bbox 174 1991 1298 2069; baseline -0.002 -15"><span class='ocrx_word' id='word_1_138' title='bbox 174 1995 332 2054; x_wconf 85' lang='lat' dir='ltr'>auctoritas</span> <span class='ocrx_word' id='word_1_139' title='bbox 351 1995 408 2053; x_wconf 87' lang='lat' dir='ltr'>hac</span> <span class='ocrx_word' id='word_1_140' title='bbox 427 2000 543 2052; x_wconf 88' lang='lat' dir='ltr'>tantum</span> <span class='ocrx_word' id='word_1_141' title='bbox 561 1994 676 2052; x_wconf 86' lang='lat' dir='ltr'>ratione</span> <span class='ocrx_word' id='word_1_142' title='bbox 696 1993 784 2069; x_wconf 88' lang='lat' dir='ltr'>plane</span> <span class='ocrx_word' id='word_1_143' title='bbox 802 1991 928 2067; x_wconf 85' lang='lat' dir='ltr'>intelligi</span> <span class='ocrx_word' id='word_1_144' title='bbox 945 1992 1056 2068; x_wconf 88' lang='lat' dir='ltr'>potuit,</span> <span class='ocrx_word' id='word_1_145' title='bbox 1081 1993 1144 2052; x_wconf 85' lang='lat' dir='ltr'>sive</span> <span class='ocrx_word' id='word_1_146' title='bbox 1161 1994 1199 2051; x_wconf 84' lang='lat' dir='ltr'>ab</span> <span class='ocrx_word' id='word_1_147' title='bbox 1220 1993 1298 2052; x_wconf 87' lang='lat' dir='ltr'>Har·</span> 
     </span>
     <span class='ocr_line' id='line_1_17' title="bbox 173 2102 1299 2177; baseline -0.001 -14"><span class='ocrx_word' id='word_1_148' title='bbox 173 2104 263 2163; x_wconf 91' lang='lat' dir='ltr'>duino</span> <span class='ocrx_word' id='word_1_149' title='bbox 285 2113 434 2163; x_wconf 86' lang='lat' dir='ltr'>servatam</span> <span class='ocrx_word' id='word_1_150' title='bbox 452 2105 517 2162; x_wconf 84' lang='lat' dir='ltr'>sive</span> <span class='ocrx_word' id='word_1_151' title='bbox 538 2105 576 2163; x_wconf 88' lang='lat' dir='ltr'>ab</span> <span class='ocrx_word' id='word_1_152' title='bbox 595 2121 630 2161; x_wconf 92' lang='lat' dir='ltr'>eo</span> <span class='ocrx_word' id='word_1_153' title='bbox 644 2103 809 2177; x_wconf 80' lang='lat' dir='ltr'>neglectam</span> <span class='ocrx_word' id='word_1_154' title='bbox 824 2107 854 2159; x_wconf 87' lang='lat' dir='ltr'>et</span> <span class='ocrx_word' id='word_1_155' title='bbox 867 2120 886 2159; x_wconf 90' lang='lat' dir='ltr'>a</span> <span class='ocrx_word' id='word_1_156' title='bbox 900 2119 948 2158; x_wconf 90' lang='lat' dir='ltr'>me</span> <span class='ocrx_word' id='word_1_157' title='bbox 962 2102 1142 2174; x_wconf 81' lang='lat' dir='ltr'>restitutam,</span> <span class='ocrx_word' id='word_1_158' title='bbox 1166 2102 1255 2177; x_wconf 87' lang='lat' dir='ltr'>quam</span> <span class='ocrx_word' id='word_1_159' title='bbox 1269 2112 1299 2162; x_wconf 87' lang='lat' dir='ltr'>et</span> 
     </span>
     <span class='ocr_line' id='line_1_18' title="bbox 174 2211 1298 2291; baseline -0.002 -18"><span class='ocrx_word' id='word_1_160' title='bbox 174 2214 323 2273; x_wconf 90' lang='lat' dir='ltr'>codicibus</span> <span class='ocrx_word' id='word_1_161' title='bbox 344 2231 422 2271; x_wconf 92' lang='lat' dir='ltr'>nunc</span> <span class='ocrx_word' id='word_1_162' title='bbox 445 2212 553 2288; x_wconf 86' lang='lat' dir='ltr'>ignotis</span> <span class='ocrx_word' id='word_1_163' title='bbox 574 2219 606 2270; x_wconf 91' lang='lat' dir='ltr'>et</span> <span class='ocrx_word' id='word_1_164' title='bbox 623 2212 797 2270; x_wconf 87' lang='lat' dir='ltr'>coniecturis</span> <span class='ocrx_word' id='word_1_165' title='bbox 818 2212 952 2288; x_wconf 88' lang='lat' dir='ltr'>priorum</span> <span class='ocrx_word' id='word_1_166' title='bbox 972 2211 1118 2270; x_wconf 89' lang='lat' dir='ltr'>editorum</span> <span class='ocrx_word' id='word_1_167' title='bbox 1136 2212 1189 2271; x_wconf 90' lang='lat' dir='ltr'>niti</span> <span class='ocrx_word' id='word_1_168' title='bbox 1206 2231 1298 2291; x_wconf 84' lang='lat' dir='ltr'>supra</span> 
     </span>
     <span class='ocr_line' id='line_1_19' title="bbox 174 2320 1297 2397; baseline -0.001 -15"><span class='ocrx_word' id='word_1_169' title='bbox 174 2321 467 2392; x_wconf 82' lang='lat' dir='ltr'>vidimus31emmati</span> <span class='ocrx_word' id='word_1_170' title='bbox 487 2321 684 2397; x_wconf 90' lang='lat' dir='ltr'>subscriptum</span> <span class='ocrx_word' id='word_1_171' title='bbox 705 2320 823 2394; x_wconf 86' lang='lat' dir='ltr'>signum</span> <span class='ocrx_word' id='word_1_172' title='bbox 843 2320 1080 2397; x_wconf 85' lang='lat' dir='ltr'>interrogationis</span> <span class='ocrx_word' id='word_1_173' title='bbox 1097 2323 1196 2381; x_wconf 90' lang='lat' dir='ltr'>locum</span> <span class='ocrx_word' id='word_1_174' title='bbox 1212 2322 1254 2381; x_wconf 83' lang='lat' dir='ltr'>ite</span> <span class='ocrx_word' id='word_1_175' title='bbox 1266 2322 1297 2381; x_wconf 87' lang='lat' dir='ltr'>in</span> 
     </span>
     <span class='ocr_line' id='line_1_20' title="bbox 174 2429 1296 2507; baseline -0.001 -15"><span class='ocrx_word' id='word_1_176' title='bbox 174 2433 324 2492; x_wconf 86' lang='lat' dir='ltr'>codicibus</span> <span class='ocrx_word' id='word_1_177' title='bbox 343 2432 462 2506; x_wconf 89' lang='lat' dir='ltr'>quidem</span> <span class='ocrx_word' id='word_1_178' title='bbox 481 2430 550 2506; x_wconf 87' lang='lat' dir='ltr'>legi,</span> <span class='ocrx_word' id='word_1_179' title='bbox 570 2431 622 2488; x_wconf 89' lang='lat' dir='ltr'>sed</span> <span class='ocrx_word' id='word_1_180' title='bbox 639 2447 694 2507; x_wconf 89' lang='lat' dir='ltr'>pro</span> <span class='ocrx_word' id='word_1_181' title='bbox 714 2437 853 2506; x_wconf 86' lang='lat' dir='ltr'>corrupto</span> <span class='ocrx_word' id='word_1_182' title='bbox 873 2429 1042 2489; x_wconf 89' lang='lat' dir='ltr'>habendum</span> <span class='ocrx_word' id='word_1_183' title='bbox 1064 2431 1199 2503; x_wconf 86' lang='lat' dir='ltr'>denotat;</span> <span class='ocrx_word' id='word_1_184' title='bbox 1218 2432 1296 2491; x_wconf 90' lang='lat' dir='ltr'>idem</span> 
     </span>
     <span class='ocr_line' id='line_1_21' title="bbox 175 2523 1296 2619; baseline -0.001 -16"><span class='ocrx_word' id='word_1_185' title='bbox 175 2543 294 2619; x_wconf 84' lang='lat' dir='ltr'>signum</span> <span class='ocrx_word' id='word_1_186' title='bbox 307 2541 475 2601; x_wconf 79' lang='lat' dir='ltr'>nominibus</span> <span class='ocrx_word' id='word_1_187' title='bbox 488 2523 628 2600; x_wconf 73' lang='lat' dir='ltr'>virorum</span> <span class='ocrx_word' id='word_1_188' title='bbox 633 2541 786 2599; x_wconf 87' lang='lat' dir='ltr'>doctorum</span> <span class='ocrx_word' id='word_1_189' title='bbox 799 2541 967 2617; x_wconf 84' lang='lat' dir='ltr'>appositum</span> <span class='ocrx_word' id='word_1_190' title='bbox 981 2559 1029 2598; x_wconf 90' lang='lat' dir='ltr'>me</span> <span class='ocrx_word' id='word_1_191' title='bbox 1042 2541 1080 2599; x_wconf 88' lang='lat' dir='ltr'>de</span> <span class='ocrx_word' id='word_1_192' title='bbox 1090 2542 1214 2602; x_wconf 84' lang='lat' dir='ltr'>veritete</span> <span class='ocrx_word' id='word_1_193' title='bbox 1227 2561 1296 2602; x_wconf 57' lang='lat' dir='ltr'>cous</span> 
     </span>
     <span class='ocr_line' id='line_1_22' title="bbox 173 2651 1297 2728; baseline -0.003 -15"><span class='ocrx_word' id='word_1_194' title='bbox 173 2653 301 2713; x_wconf 62' lang='lat' dir='ltr'>adures</span> <span class='ocrx_word' id='word_1_195' title='bbox 314 2653 450 2711; x_wconf 87' lang='lat' dir='ltr'>dubitare</span> <span class='ocrx_word' id='word_1_196' title='bbox 464 2651 622 2727; x_wconf 77' lang='lat' dir='ltr'>significet,-</span> <span class='ocrx_word' id='word_1_197' title='bbox 634 2669 725 2727; x_wconf 87' lang='lat' dir='ltr'>quem</span> <span class='ocrx_word' id='word_1_198' title='bbox 738 2668 786 2709; x_wconf 89' lang='lat' dir='ltr'>me</span> <span class='ocrx_word' id='word_1_199' title='bbox 795 2657 1082 2728; x_wconf 83' lang='lat' dir='ltr'>proptereatantum</span> <span class='ocrx_word' id='word_1_200' title='bbox 1094 2652 1252 2728; x_wconf 84' lang='lat' dir='ltr'>recepisse,</span> <span class='ocrx_word' id='word_1_201' title='bbox 1262 2659 1297 2711; x_wconf 91' lang='lat' dir='ltr'>ut</span> 
     </span>
     <span class='ocr_line' id='line_1_23' title="bbox 173 2757 1294 2842; baseline -0.002 -19"><span class='ocrx_word' id='word_1_202' title='bbox 173 2783 234 2824; x_wconf 85' lang='lat' dir='ltr'>vox</span> <span class='ocrx_word' id='word_1_203' title='bbox 248 2764 375 2835; x_wconf 88' lang='lat' dir='ltr'>adesset,</span> <span class='ocrx_word' id='word_1_204' title='bbox 390 2778 466 2838; x_wconf 87' lang='lat' dir='ltr'>quae</span> <span class='ocrx_word' id='word_1_205' title='bbox 479 2762 541 2839; x_wconf 89' lang='lat' dir='ltr'>legi</span> <span class='ocrx_word' id='word_1_206' title='bbox 554 2768 671 2839; x_wconf 85' lang='lat' dir='ltr'>posset3</span> <span class='ocrx_word' id='word_1_207' title='bbox 696 2762 774 2820; x_wconf 91' lang='lat' dir='ltr'>idem</span> <span class='ocrx_word' id='word_1_208' title='bbox 788 2760 870 2820; x_wconf 87' lang='lat' dir='ltr'>valet</span> <span class='ocrx_word' id='word_1_209' title='bbox 882 2761 919 2819; x_wconf 90' lang='lat' dir='ltr'>de</span> <span class='ocrx_word' id='word_1_210' title='bbox 932 2761 1035 2819; x_wconf 90' lang='lat' dir='ltr'>eodem</span> <span class='ocrx_word' id='word_1_211' title='bbox 1049 2762 1135 2837; x_wconf 88' lang='lat' dir='ltr'>signo</span> <span class='ocrx_word' id='word_1_212' title='bbox 1147 2762 1261 2821; x_wconf 73' lang='lat' dir='ltr'>litterae</span> <span class='ocrx_word' id='word_1_213' title='bbox 1277 2757 1294 2842; x_wconf 91' lang='grc' dir='ltr'><strong>β</strong></span> 
     </span>
     <span class='ocr_line' id='line_1_24' title="bbox 173 2844 1352 2958; baseline -0.004 -24"><span class='ocrx_word' id='word_1_214' title='bbox 173 2876 313 2947; x_wconf 84' lang='lat' dir='ltr'>subiecto,</span> <span class='ocrx_word' id='word_1_215' title='bbox 335 2891 394 2949; x_wconf 93' lang='lat' dir='ltr'>quo</span> <span class='ocrx_word' id='word_1_216' title='bbox 408 2844 533 2932; x_wconf 74' lang='lat' dir='ltr'>lectores</span> <span class='ocrx_word' id='word_1_217' title='bbox 548 2874 690 2930; x_wconf 88' lang='lat' dir='ltr'>docentur</span> <span class='ocrx_word' id='word_1_218' title='bbox 701 2889 751 2929; x_wconf 90' lang='lat' dir='ltr'>me</span> <span class='ocrx_word' id='word_1_219' title='bbox 766 2879 865 2948; x_wconf 88' lang='lat' dir='ltr'>spreta</span> <span class='ocrx_word' id='word_1_220' title='bbox 878 2870 1010 2930; x_wconf 90' lang='lat' dir='ltr'>codicum</span> <span class='ocrx_word' id='word_1_221' title='bbox 1024 2877 1126 2947; x_wconf 78' lang='lat' dir='ltr'>aperte</span> <span class='ocrx_word' id='word_1_222' title='bbox 1140 2878 1294 2948; x_wconf 76' lang='lat' dir='ltr'>corrupto·</span> <span class='ocrx_word' id='word_1_223' title='bbox 1349 2954 1352 2958; x_wconf 9' lang='grc' dir='ltr'><strong>ἡ</strong></span> 
     </span>
     <span class='ocr_line' id='line_1_25' title="bbox 172 2980 1295 3060; baseline -0.004 -17"><span class='ocrx_word' id='word_1_224' title='bbox 172 3004 239 3043; x_wconf 89' lang='lat' dir='ltr'>rum</span> <span class='ocrx_word' id='word_1_225' title='bbox 253 2985 399 3060; x_wconf 75' lang='lat' dir='ltr'>scriptino</span> <span class='ocrx_word' id='word_1_226' title='bbox 413 2984 451 3040; x_wconf 87' lang='lat' dir='ltr'>ad</span> <span class='ocrx_word' id='word_1_227' title='bbox 464 2981 718 3059; x_wconf 81' lang='lat' dir='ltr'>interpolationem</span> <span class='ocrx_word' id='word_1_228' title='bbox 732 2980 828 3056; x_wconf 86' lang='lat' dir='ltr'>qualis</span> <span class='ocrx_word' id='word_1_229' title='bbox 839 2987 936 3039; x_wconf 84' lang='lat' dir='ltr'>exstat</span> <span class='ocrx_word' id='word_1_230' title='bbox 945 2981 976 3039; x_wconf 89' lang='lat' dir='ltr'>in</span> <span class='ocrx_word' id='word_1_231' title='bbox 986 2980 1216 3058; x_wconf 84' lang='lat' dir='ltr'>Delecampiena</span> <span class='ocrx_word' id='word_1_232' title='bbox 1225 2999 1295 3040; x_wconf 89' lang='lat' dir='ltr'>con·</span> 
     </span>
     <span class='ocr_line' id='line_1_26' title="bbox 172 3090 1295 3172; baseline -0.005 -18"><span class='ocrx_word' id='word_1_233' title='bbox 172 3095 291 3172; x_wconf 78' lang='lat' dir='ltr'>fugisse.</span> <span class='ocrx_word' id='word_1_234' title='bbox 318 3092 367 3152; x_wconf 88' lang='lat' dir='ltr'>Ita</span> <span class='ocrx_word' id='word_1_235' title='bbox 380 3092 524 3152; x_wconf 87' lang='lat' dir='ltr'>desiderio</span> <span class='ocrx_word' id='word_1_236' title='bbox 537 3108 639 3149; x_wconf 91' lang='lat' dir='ltr'>eorum</span> <span class='ocrx_word' id='word_1_237' title='bbox 653 3090 814 3164; x_wconf 89' lang='lat' dir='ltr'>hominum,</span> <span class='ocrx_word' id='word_1_238' title='bbox 837 3092 888 3166; x_wconf 89' lang='lat' dir='ltr'>qui</span> <span class='ocrx_word' id='word_1_239' title='bbox 907 3091 944 3150; x_wconf 93' lang='lat' dir='ltr'>de</span> <span class='ocrx_word' id='word_1_240' title='bbox 957 3091 1082 3150; x_wconf 86' lang='lat' dir='ltr'>editione</span> <span class='ocrx_word' id='word_1_241' title='bbox 1095 3109 1167 3148; x_wconf 83' lang='lat' dir='ltr'>mea.</span> <span class='ocrx_word' id='word_1_242' title='bbox 1175 3106 1295 3149; x_wconf 72' lang='lat' dir='ltr'>amure-</span> 
     </span>
     <span class='ocr_line' id='line_1_27' title="bbox 171 3199 1295 3278; baseline -0.004 -17"><span class='ocrx_word' id='word_1_243' title='bbox 171 3206 231 3262; x_wconf 91' lang='lat' dir='ltr'>tius</span> <span class='ocrx_word' id='word_1_244' title='bbox 243 3205 373 3262; x_wconf 85' lang='lat' dir='ltr'>iudicare</span> <span class='ocrx_word' id='word_1_245' title='bbox 387 3202 498 3274; x_wconf 88' lang='lat' dir='ltr'>volent,</span> <span class='ocrx_word' id='word_1_246' title='bbox 513 3200 697 3261; x_wconf 89' lang='lat' dir='ltr'>satisfactum</span> <span class='ocrx_word' id='word_1_247' title='bbox 711 3219 778 3260; x_wconf 85' lang='lat' dir='ltr'>esse</span> <span class='ocrx_word' id='word_1_248' title='bbox 790 3208 874 3276; x_wconf 86' lang='lat' dir='ltr'>puto,</span> <span class='ocrx_word' id='word_1_249' title='bbox 893 3201 986 3277; x_wconf 86' lang='lat' dir='ltr'>magis</span> <span class='ocrx_word' id='word_1_250' title='bbox 999 3202 1031 3259; x_wconf 91' lang='lat' dir='ltr'>in</span> <span class='ocrx_word' id='word_1_251' title='bbox 1044 3202 1176 3278; x_wconf 87' lang='lat' dir='ltr'>ipsorum</span> <span class='ocrx_word' id='word_1_252' title='bbox 1192 3199 1295 3258; x_wconf 91' lang='lat' dir='ltr'>Plinii-</span> 
     </span>
     <span class='ocr_line' id='line_1_28' title="bbox 171 3308 1294 3391; baseline -0.006 -19"><span class='ocrx_word' id='word_1_253' title='bbox 171 3332 230 3391; x_wconf 90' lang='lat' dir='ltr'>que</span> <span class='ocrx_word' id='word_1_254' title='bbox 244 3331 333 3388; x_wconf 90' lang='lat' dir='ltr'>quam</span> <span class='ocrx_word' id='word_1_255' title='bbox 346 3313 378 3371; x_wconf 91' lang='lat' dir='ltr'>in</span> <span class='ocrx_word' id='word_1_256' title='bbox 391 3331 490 3371; x_wconf 88' lang='lat' dir='ltr'>meum</span> <span class='ocrx_word' id='word_1_257' title='bbox 505 3311 701 3383; x_wconf 90' lang='lat' dir='ltr'>commodum,</span> <span class='ocrx_word' id='word_1_258' title='bbox 716 3311 768 3386; x_wconf 94' lang='lat' dir='ltr'>qui</span> <span class='ocrx_word' id='word_1_259' title='bbox 777 3311 841 3388; x_wconf 88' lang='lat' dir='ltr'>ipse</span> <span class='ocrx_word' id='word_1_260' title='bbox 851 3311 976 3370; x_wconf 87' lang='lat' dir='ltr'>lectores</span> <span class='ocrx_word' id='word_1_261' title='bbox 987 3312 1025 3370; x_wconf 90' lang='lat' dir='ltr'>ad</span> <span class='ocrx_word' id='word_1_262' title='bbox 1035 3329 1083 3371; x_wconf 88' lang='lat' dir='ltr'>me</span> <span class='ocrx_word' id='word_1_263' title='bbox 1091 3308 1294 3384; x_wconf 75' lang='lat' dir='ltr'>assdgaudum</span> 
     </span>
     <span class='ocr_line' id='line_1_29' title="bbox 171 3417 1293 3497; baseline -0.004 -16"><span class='ocrx_word' id='word_1_264' title='bbox 171 3423 227 3483; x_wconf 91' lang='lat' dir='ltr'>hac</span> <span class='ocrx_word' id='word_1_265' title='bbox 240 3424 352 3482; x_wconf 88' lang='lat' dir='ltr'>ratione</span> <span class='ocrx_word' id='word_1_266' title='bbox 364 3422 564 3481; x_wconf 78' lang='lat' dir='ltr'>invitaverim.</span> <span class='ocrx_word' id='word_1_267' title='bbox 583 3421 680 3480; x_wconf 90' lang='lat' dir='ltr'>Nemo</span> <span class='ocrx_word' id='word_1_268' title='bbox 694 3429 792 3479; x_wconf 87' lang='lat' dir='ltr'>temen</span> <span class='ocrx_word' id='word_1_269' title='bbox 805 3428 890 3497; x_wconf 88' lang='lat' dir='ltr'>putet</span> <span class='ocrx_word' id='word_1_270' title='bbox 902 3440 950 3479; x_wconf 92' lang='lat' dir='ltr'>me</span> <span class='ocrx_word' id='word_1_271' title='bbox 962 3421 1023 3480; x_wconf 85' lang='lat' dir='ltr'>illis</span> <span class='ocrx_word' id='word_1_272' title='bbox 1037 3426 1152 3478; x_wconf 72' lang='lat' dir='ltr'>tautum</span> <span class='ocrx_word' id='word_1_273' title='bbox 1164 3417 1195 3478; x_wconf 88' lang='lat' dir='ltr'>in</span> <span class='ocrx_word' id='word_1_274' title='bbox 1207 3417 1293 3490; x_wconf 90' lang='lat' dir='ltr'>locis,</span> 
     </span>
     <span class='ocr_line' id='line_1_30' title="bbox 170 3529 1293 3613; baseline -0.002 -20"><span class='ocrx_word' id='word_1_275' title='bbox 170 3534 278 3611; x_wconf 91' lang='lat' dir='ltr'>quibus</span> <span class='ocrx_word' id='word_1_276' title='bbox 297 3534 413 3610; x_wconf 88' lang='lat' dir='ltr'>signum</span> <span class='ocrx_word' id='word_1_277' title='bbox 431 3531 669 3613; x_wconf 80' lang='lat' dir='ltr'>interrogationis</span> <span class='ocrx_word' id='word_1_278' title='bbox 683 3538 730 3589; x_wconf 91' lang='lat' dir='ltr'>est</span> <span class='ocrx_word' id='word_1_279' title='bbox 742 3531 933 3606; x_wconf 87' lang='lat' dir='ltr'>adscriptum,</span> <span class='ocrx_word' id='word_1_280' title='bbox 953 3531 1150 3607; x_wconf 78' lang='lat' dir='ltr'>corruptelam</span> <span class='ocrx_word' id='word_1_281' title='bbox 1164 3529 1293 3605; x_wconf 84' lang='lat' dir='ltr'>aliquam</span> 
     </span>
     <span class='ocr_line' id='line_1_31' title="bbox 170 3639 1292 3721; baseline -0.004 -19"><span class='ocrx_word' id='word_1_282' title='bbox 170 3661 340 3721; x_wconf 86' lang='lat' dir='ltr'>agnoscere;</span> <span class='ocrx_word' id='word_1_283' title='bbox 351 3642 589 3719; x_wconf 89' lang='lat' dir='ltr'>immopermulti</span> <span class='ocrx_word' id='word_1_284' title='bbox 598 3641 648 3700; x_wconf 87' lang='lat' dir='ltr'>alii</span> <span class='ocrx_word' id='word_1_285' title='bbox 657 3639 724 3712; x_wconf 89' lang='lat' dir='ltr'>loci,</span> <span class='ocrx_word' id='word_1_286' title='bbox 732 3641 861 3698; x_wconf 87' lang='lat' dir='ltr'>maxime</span> <span class='ocrx_word' id='word_1_287' title='bbox 869 3640 901 3717; x_wconf 85' lang='lat' dir='ltr'>in</span> <span class='ocrx_word' id='word_1_288' title='bbox 910 3640 1031 3716; x_wconf 87' lang='lat' dir='ltr'>triginta</span> <span class='ocrx_word' id='word_1_289' title='bbox 1038 3641 1188 3717; x_wconf 88' lang='lat' dir='ltr'>prioribus</span> <span class='ocrx_word' id='word_1_290' title='bbox 1196 3640 1292 3713; x_wconf 88' lang='lat' dir='ltr'>libris,</span> 
     </span>
     <span class='ocr_line' id='line_1_32' title="bbox 169 3748 1293 3828; baseline -0.003 -16"><span class='ocrx_word' id='word_1_291' title='bbox 169 3755 272 3828; x_wconf 87' lang='lat' dir='ltr'>latent,</span> <span class='ocrx_word' id='word_1_292' title='bbox 291 3754 343 3814; x_wconf 91' lang='lat' dir='ltr'>ubi</span> <span class='ocrx_word' id='word_1_293' title='bbox 356 3753 485 3812; x_wconf 89' lang='lat' dir='ltr'>Plinium</span> <span class='ocrx_word' id='word_1_294' title='bbox 498 3753 530 3810; x_wconf 91' lang='lat' dir='ltr'>in</span> <span class='ocrx_word' id='word_1_295' title='bbox 543 3749 641 3808; x_wconf 89' lang='lat' dir='ltr'>Plinio</span> <span class='ocrx_word' id='word_1_296' title='bbox 654 3748 767 3808; x_wconf 84' lang='lat' dir='ltr'>frustra</span> <span class='ocrx_word' id='word_1_297' title='bbox 780 3767 921 3824; x_wconf 85' lang='lat' dir='ltr'>quaeras3</span> <span class='ocrx_word' id='word_1_298' title='bbox 947 3769 1052 3809; x_wconf 86' lang='lat' dir='ltr'>verum</span> <span class='ocrx_word' id='word_1_299' title='bbox 1072 3751 1125 3809; x_wconf 94' lang='lat' dir='ltr'>illo</span> <span class='ocrx_word' id='word_1_300' title='bbox 1144 3751 1229 3828; x_wconf 82' lang='lat' dir='ltr'>signo</span> <span class='ocrx_word' id='word_1_301' title='bbox 1241 3767 1293 3809; x_wconf 88' lang='lat' dir='ltr'>eus</span> 
     </span>
     <span class='ocr_line' id='line_1_33' title="bbox 169 3859 1293 3937; baseline -0.003 -15"><span class='ocrx_word' id='word_1_302' title='bbox 169 3867 257 3923; x_wconf 92' lang='lat' dir='ltr'>modo</span> <span class='ocrx_word' id='word_1_303' title='bbox 270 3865 352 3924; x_wconf 90' lang='lat' dir='ltr'>locos</span> <span class='ocrx_word' id='word_1_304' title='bbox 367 3863 477 3934; x_wconf 87' lang='lat' dir='ltr'>notavi,</span> <span class='ocrx_word' id='word_1_305' title='bbox 500 3861 550 3919; x_wconf 93' lang='lat' dir='ltr'>ubi</span> <span class='ocrx_word' id='word_1_306' title='bbox 568 3867 623 3918; x_wconf 87' lang='lat' dir='ltr'>aut</span> <span class='ocrx_word' id='word_1_307' title='bbox 634 3877 654 3916; x_wconf 89' lang='lat' dir='ltr'>a</span> <span class='ocrx_word' id='word_1_308' title='bbox 667 3859 737 3918; x_wconf 81' lang='lat' dir='ltr'>viris</span> <span class='ocrx_word' id='word_1_309' title='bbox 751 3860 844 3918; x_wconf 83' lang='lat' dir='ltr'>doctis</span> <span class='ocrx_word' id='word_1_310' title='bbox 863 3868 917 3918; x_wconf 88' lang='lat' dir='ltr'>aut</span> <span class='ocrx_word' id='word_1_311' title='bbox 935 3879 955 3919; x_wconf 88' lang='lat' dir='ltr'>a</span> <span class='ocrx_word' id='word_1_312' title='bbox 967 3878 1016 3918; x_wconf 91' lang='lat' dir='ltr'>me</span> <span class='ocrx_word' id='word_1_313' title='bbox 1034 3862 1101 3937; x_wconf 92' lang='lat' dir='ltr'>ipso</span> <span class='ocrx_word' id='word_1_314' title='bbox 1114 3859 1293 3936; x_wconf 74' lang='lat' dir='ltr'>argumentis</span> 
     </span>
    </p>
   </div>
   <div class='ocr_carea' id='block_1_3' title="bbox 169 3953 1293 4269">
    <p class='ocr_par' dir='ltr' id='par_1_3' title="bbox 169 3953 1293 4269">
     <span class='ocr_line' id='line_1_34' title="bbox 171 3953 1293 4050; baseline -0.003 -18"><span class='ocrx_word' id='word_1_315' title='bbox 171 3973 256 4032; x_wconf 87' lang='lat' dir='ltr'>certis</span> <span class='ocrx_word' id='word_1_316' title='bbox 283 3973 406 4050; x_wconf 87' lang='lat' dir='ltr'>prolatis</span> <span class='ocrx_word' id='word_1_317' title='bbox 427 3973 659 4030; x_wconf 89' lang='lat' dir='ltr'>demonstratum</span> <span class='ocrx_word' id='word_1_318' title='bbox 679 3977 724 4027; x_wconf 86' lang='lat' dir='ltr'>est</span> <span class='ocrx_word' id='word_1_319' title='bbox 749 3953 946 4047; x_wconf 83' lang='lat' dir='ltr'>corruptelam</span> <span class='ocrx_word' id='word_1_320' title='bbox 964 3971 1014 4031; x_wconf 84' lang='lat' dir='ltr'>vel</span> <span class='ocrx_word' id='word_1_321' title='bbox 1037 3970 1293 4048; x_wconf 81' lang='lat' dir='ltr'>interpolationem</span> 
     </span>
     <span class='ocr_line' id='line_1_35' title="bbox 169 4079 1292 4156; baseline -0.002 -16"><span class='ocrx_word' id='word_1_322' title='bbox 169 4081 264 4140; x_wconf 87' lang='lat' dir='ltr'>latere</span> <span class='ocrx_word' id='word_1_323' title='bbox 289 4090 320 4139; x_wconf 87' lang='lat' dir='ltr'>et</span> <span class='ocrx_word' id='word_1_324' title='bbox 339 4081 573 4141; x_wconf 89' lang='lat' dir='ltr'>emendationum</span> <span class='ocrx_word' id='word_1_325' title='bbox 593 4081 747 4154; x_wconf 86' lang='lat' dir='ltr'>hucusque</span> <span class='ocrx_word' id='word_1_326' title='bbox 769 4080 952 4156; x_wconf 87' lang='lat' dir='ltr'>prolatarum</span> <span class='ocrx_word' id='word_1_327' title='bbox 974 4081 1088 4143; x_wconf 86' lang='lat' dir='ltr'>nullam</span> <span class='ocrx_word' id='word_1_328' title='bbox 1113 4079 1292 4143; x_wconf 86' lang='lat' dir='ltr'>satisfacere.</span> 
     </span>
     <span class='ocr_line' id='line_1_36' title="bbox 171 4189 1291 4269; baseline -0.003 -19"><span class='ocrx_word' id='word_1_329' title='bbox 171 4189 286 4264; x_wconf 80' lang='lat' dir='ltr'>Quodsi</span> <span class='ocrx_word' id='word_1_330' title='bbox 304 4191 438 4249; x_wconf 89' lang='lat' dir='ltr'>omuibus</span> <span class='ocrx_word' id='word_1_331' title='bbox 455 4190 517 4250; x_wconf 91' lang='lat' dir='ltr'>illis</span> <span class='ocrx_word' id='word_1_332' title='bbox 536 4189 672 4262; x_wconf 87' lang='lat' dir='ltr'>vocibus,</span> <span class='ocrx_word' id='word_1_333' title='bbox 698 4207 773 4264; x_wconf 85' lang='lat' dir='ltr'>ques</span> <span class='ocrx_word' id='word_1_334' title='bbox 790 4198 945 4269; x_wconf 87' lang='lat' dir='ltr'>corruptas</span> <span class='ocrx_word' id='word_1_335' title='bbox 965 4201 1055 4268; x_wconf 86' lang='lat' dir='ltr'>puto,</span> <span class='ocrx_word' id='word_1_336' title='bbox 1076 4191 1153 4251; x_wconf 91' lang='lat' dir='ltr'>illud</span> <span class='ocrx_word' id='word_1_337' title='bbox 1173 4190 1291 4266; x_wconf 87' lang='lat' dir='ltr'>signum</span> 
     </span>
    </p>
   </div>
   <div class='ocr_carea' id='block_1_4' title="bbox 0 0 1448 4794">
    <p class='ocr_par' dir='ltr' id='par_1_4' title="bbox 0 0 1448 4794">
     <span class='ocr_line' id='line_1_37' title="bbox 0 0 1448 4794; baseline 0 3"><span class='ocrx_word' id='word_1_338' title='bbox 0 0 1448 4794; x_wconf 95' lang='lat' dir='ltr'> </span> 
     </span>
    </p>
   </div>
  </div>
 </body>
</html>
