2888 4794
196 309 303 352 xxm
659 305 849 351 PRAEFATIO.

197 463 299 521 zonico
318 462 348 520 in
368 461 404 520 iis
418 458 599 520 conferendis
614 461 705 521 inisse
720 462 856 539 preceris.
878 457 968 519 Certe
990 459 1109 518 illorum
1129 460 1220 520 trium
1240 464 1324 523 codi-

196 590 265 632 cum
279 578 417 648 excerpta
430 577 532 629 nostra
551 590 570 629 a
587 570 741 630 Rezzonici
760 570 924 630 testimonio
943 587 1031 647 saepe
1050 571 1160 629 mirum
1180 550 1325 647 quantum

198 699 234 740 ea
246 682 359 741 ratione
372 680 520 752 differunt,
535 690 569 741 ut
582 699 675 740 unum
688 682 816 740 Ianum
830 680 889 739 fide
903 681 1025 756 dignum
1041 697 1107 739 esse
1118 680 1254 741 dubitare
1264 701 1324 743 non

197 790 292 851 liceat.
327 789 466 851 Ceterum
490 808 591 849 omnes
615 792 660 850 illi
683 790 753 850 libri
776 791 944 851 recentioris
970 797 1041 850 sunt
1065 791 1189 866 originis
1213 798 1244 850 et
1262 791 1325 851 iere

196 901 348 960 deterioris
368 910 471 973 notae,
500 909 535 960 ut
555 902 686 979 pleniore
711 920 812 960 eorum
832 901 987 960 collatione
1005 900 1092 960 iecila
1110 917 1197 975 egere
1216 900 1323 978 possis,

195 1017 311 1071 etcum
330 1011 527 1070 Rezzonicum
549 1012 723 1089 saepissime
749 1029 890 1088 perquam
916 1011 1101 1087 negligenter
1118 1011 1151 1069 in
1171 1012 1324 1071 enatandis

196 1120 288 1180 variis
301 1121 475 1180 lectiombus
496 1127 649 1182 versatum
671 1140 737 1181 esse
758 1121 1040 1195 animadverterem,
1062 1128 1127 1179 tum
1140 1121 1258 1179 demum
1273 1139 1349 1187 eas,

196 1230 294 1301 attuli,
309 1231 335 1289 si
349 1249 455 1307 operae
469 1232 596 1309 pretium
610 1231 766 1291 videbatur
778 1249 873 1306 neque
886 1249 938 1290 eae
952 1234 990 1291 ab
1004 1231 1070 1290 aliis
1085 1231 1235 1291 codicibus
1250 1249 1322 1290 cou-

195 1340 397 1399 firmabantnr.
419 1340 514 1417 quue
527 1359 563 1399 eo
578 1341 671 1419 magis
685 1341 758 1405 mihi
768 1329 858 1400 licere
871 1341 1045 1413 arbitrabar,
1062 1359 1140 1413 cum,
1156 1341 1183 1400 si
1197 1340 1262 1416 quis
1275 1340 1323 1400 bis

197 1450 334 1509 sordibus
353 1451 397 1510 uti
416 1450 498 1523 velit,
519 1451 675 1510 editionem
694 1469 790 1509 meam
803 1451 945 1509 minorem
959 1449 1039 1510 adire
1052 1451 1156 1527 possit,
1171 1450 1224 1509 ubi
1237 1450 1324 1527 plene
1352 1492 1357 1501 ι

195 1568 265 1619 sunt
276 1561 452 1638 adscriptae.
474 1557 608 1638 Inspexit
621 1568 720 1621 autem
733 1560 913 1620 Rezzmicus
923 1559 1142 1635 Ambrosianum
1152 1559 1241 1633 1.11.,
1256 1559 1324 1634 qui·

195 1672 251 1729 bus
265 1688 337 1730 usus
351 1672 440 1729 etiam
454 1677 500 1729 eet
513 1669 670 1729 Ferrarius
685 1671 722 1729 de
735 1689 768 1729 re
783 1670 921 1729 vestiaria
934 1667 960 1728 L
975 1689 1004 1747 p.
1026 1664 1078 1731 58.
1102 1665 1186 1742 161.,
1200 1669 1323 1746 Ampeli-

195 1800 258 1840 aam
282 1781 346 1840 eive
369 1782 592 1853 Pareioaaeam,
616 1780 804 1851 Barbatum,
829 1779 992 1854 dequibus
1017 1797 1108 1855 supra
1131 1786 1177 1838 est
1190 1779 1322 1851 dictum,

200 1891 369 1950 Caesenam
383 1891 469 1962 duos,
484 1891 701 1950 Ercorialmree
714 1890 801 1960 duos,
817 1905 945 1962 quorum
959 1889 1107 1948 secundus
1125 1907 1145 1947 a
1164 1887 1265 1949 surita
1282 1889 1340 1947 ad·

195 2001 341 2060 Antonini
358 2000 539 2059 itinerarium
561 1999 649 2058 etiem
672 2001 960 2075 ansamaqaataaua
985 1998 1111 2071 dicitur,
1128 1998 1210 2075 prior
1227 1997 1321 2058 altero

197 2111 291 2168 multo
305 2109 499 2185 praestantior
512 2127 592 2167 nunc
605 2108 720 2167 videtur
734 2108 918 2185 deperditus,
938 2108 1150 2168 Faraeeiaaam
1164 2108 1228 2167 sive
1240 2109 1321 2167 Par·

198 2238 328 2292 mearam,
350 2220 491 2277 Politiami
504 2224 675 2294 excerptae
693 2218 808 2276 duobus
828 2217 911 2276 libris
931 2217 1109 2277 Florentinis
1129 2223 1231 2277 etnno'
1243 2215 1324 2291 Nea·

197 2329 338 2406 politam,
358 2328 516 2400 Iovianum,
529 2328 732 2401 Laudiacum,
754 2317 898 2387 Medicam
918 2329 993 2387 duos
1007 2335 1124 2405 praeter
1137 2345 1228 2405 supra
1241 2345 1323 2386 com·

199 2444 392 2498 memoratum
408 2423 477 2518 (L),
493 2430 721 2509 Pertaratiaam,
741 2439 926 2510 Ticinmeem,
953 2439 1140 2514 Upoletiaam
1169 2437 1324 2499 Vallioelli-

199 2569 285 2608 anam
306 2556 337 2607 et
354 2547 467 2623 aliquot
492 2549 655 2619 Vaticana,
675 2546 706 2604 in
727 2547 833 2621 quibus
848 2547 954 2606 insunt
975 2548 1007 2621 ii,
1023 2566 1096 2623 quos
1116 2566 1207 2625 supra
1219 2547 1324 2607 litteris
1405 2614 1410 2621 ¹

198 2658 299 2718 Dtux
312 2658 490 2746 significavi,
507 2654 632 2717 Praeter
645 2657 701 2715 hos
714 2675 792 2716 unus
800 2650 984 2717 Rezzonicue
998 2676 1072 2718 usus
1084 2666 1131 2717 est
1140 2657 1286 2717 Vaticano
1296 2655 1323 2715 Ι.

200 2763 311 2840 1950„
340 2767 487 2829 Vaticano
506 2768 547 2828 V.
571 2762 682 2840 1954„
711 2767 858 2828 Vaticano
879 2768 935 2828 VI.
957 2762 1070 2842 1955,
1092 2764 1323 2827 vaiarom

199 2874 303 2953 1956..
319 2879 465 2938 Vaticano
480 2873 575 2940 3533.
814 2932 817 2937 .

238 2990 323 3048 Idem
341 2987 403 3046 lere
420 2988 559 3047 iudicium
576 2983 730 3047 ferendum
750 2990 786 3046 de
806 2990 902 3048 codice
920 2991 1134 3067 Petropolitano
1150 2983 1225 3071 (p),
1240 2987 1325 3061 cuius

189 3097 322 3175 ¹primam
336 3096 471 3155 notitiam
486 3096 625 3156 debemus
639 3097 809 3171 Falconem,
825 3100 891 3174 qui,
906 3099 987 3158 illius
1008 3107 1147 3183 excerpta
1164 3117 1232 3157 cum
1252 3097 1325 3156 illu-

199 3206 336 3264 strandae
360 3212 399 3279 et,
414 3214 449 3265 ut
463 3206 519 3265 sibi
533 3207 707 3280 videbatur,
722 3208 922 3266 emendandae
947 3210 1025 3284 parti
1043 3207 1134 3267 Plinii
1157 3207 1194 3264 de
1215 3207 1326 3266 artium

199 3315 336 3391 operibus
354 3315 453 3390 agenti
473 3316 626 3390 adhibeat,
647 3317 730 3375 miris
749 3336 817 3376 eum
835 3319 973 3378 laudibus
993 3319 1094 3390 effert,
1112 3315 1207 3375 multo
1221 3316 1326 3375 sanius

198 3424 344 3483 iudicante
361 3422 502 3489 Ianoin
524 3428 684 3486 observata
699 3426 775 3485 critt.
790 3447 819 3505 p.
837 3423 866 3488 9.
889 3425 1025 3504 Scriptus
1047 3445 1105 3486 nou
1119 3422 1324 3496 saeculo'IX.,

198 3535 242 3594 uti
254 3534 326 3592 mire
340 3535 496 3594 videbatur
509 3534 635 3608 Clossio,
650 3537 828 3596 antecessori
847 3556 942 3614 nuper
962 3536 1152 3613 Dorpatensi,
1172 3534 1226 3593 sed
1238 3505 1324 3606 XF„

109 3676 111 3683 ι
198 3646 242 3704 uti
255 3646 405 3724 specimen
418 3646 481 3704 eius
495 3663 515 3703 a
527 3645 660 3704 Mnralto
680 3647 791 3705 editum
810 3647 936 3718 indicat,
957 3665 1065 3724 magne
1084 3664 1162 3705 nunc
1180 3642 1227 3703 sui
1239 3651 1325 3720 parte

200 3763 246 3815 est
259 3755 392 3815 mutilus.
414 3752 522 3813 Plures
536 3755 671 3831 deinceps
685 3756 743 3814 riri
757 3757 834 3814 docti
855 3757 999 3831 quasdam
1020 3756 1082 3815 eius
1100 3760 1201 3832 partes
1225 3770 1325 3812 excert-

199 3875 338 3940 peerunt,
358 3866 403 3925 uti
420 3871 538 3942 praeter
550 3864 743 3925 Falconetum
756 3865 894 3924 Handius
908 3866 939 3923 in
953 3865 1133 3936 Tursellino,
1148 3861 1283 3922 Classius
1294 3860 1325 3919 in

201 3971 338 4034 Seebodii
348 3974 590 4035 etFriedemanni
599 3975 641 4035 N.
652 3974 759 4034 horreo
772 3969 867 4035 1828.
880 3973 938 4032 ΠΙ.
954 3971 986 4033 2.
996 3995 1026 4050 p.
1041 3970 1105 4045 30,
1119 3973 1324 4049 Morgenster-

200 4081 267 4140 uius
280 4082 310 4141 iu
323 4092 541 4160 programmate
553 4084 731 4161 Dorpatensi
744 4103 772 4144 a.
796 4079 889 4144 1834.
909 4083 1003 4154 edito3
1024 4083 1195 4161 plenissime
1214 4090 1323 4153 tamen,

202 4191 274 4250 satis
286 4193 364 4252 bona
377 4193 525 4254 variarum
537 4195 602 4255 eiua
615 4193 772 4255 lectionum
787 4202 872 4270 parte
885 4193 994 4266 addita
1013 4195 1050 4253 de
1068 4212 1104 4254 eo
1124 4193 1185 4270 egit
1202 4191 1323 4251 Eduar-
