2888 4794
622 292 810 337 ramulum.
1243 298 1280 343 X}

158 446 300 505 manticae
324 439 415 518 1544,
438 445 553 505 aucdus'
573 443 765 522 Antwerpiae
783 440 866 506 1547
882 445 984 518 editis3
1006 454 1074 525 post
1088 464 1157 507 eum
1172 446 1280 509 Schot-

157 567 206 617 tus
220 557 251 614 in
265 555 519 615 observationibus
533 563 563 615 et
574 553 677 615 Surita
689 556 720 615 in
734 556 941 616 commentario
955 557 994 615 ad
1006 557 1154 618 itineraria
1168 565 1279 619 vetera.

156 666 231 725 Inde
251 683 320 725 eum
340 666 525 742 perspicuum
546 673 633 738 essct,
655 665 734 725 hunc
755 667 886 726 codicem
899 666 983 725 libris
996 667 1203 745 manuscriptis
1216 677 1281 729 tum

125 846 128 851 .
157 777 234 835 notis
255 776 373 851 optimis
394 793 457 834 esse
478 777 701 846 accensendum,
724 775 857 834 editionis
877 775 969 834 Plinii
989 794 1084 835 novae
1105 794 1176 835 cura
1189 778 1221 837 iu
1234 796 1282 837 me

156 892 283 960 recepta,
305 885 393 944 huius
415 885 524 952 codicis
545 904 654 945 novam
675 903 800 960 eamque
821 887 982 961 pleniorem
1004 886 1190 946 collationem
1203 887 1282 946 desi·

156 995 306 1066 derabam,
329 995 412 1054 cuius
433 996 496 1053 voti
517 1002 551 1053 ut
572 1014 692 1072 compos
713 996 813 1054 fierem
834 996 981 1071 quomodo
1003 996 1170 1072 configent,
1193 1014 1285 1073 supra

157 1106 289 1181 exposui.
312 1102 428 1163 Codicis
445 1106 619 1181 excerpendi
633 1124 741 1165 munus
755 1106 963 1165 demandatum
977 1112 1022 1165 est
1035 1107 1151 1165 duobus
1161 1105 1284 1182 presby·

156 1215 227 1273 teris
252 1214 393 1275 ecelesiae
414 1215 592 1288 Toletanae,
620 1217 697 1275 hanc
721 1216 816 1292 ipsam
841 1217 873 1275 in
900 1234 963 1276 rem
984 1234 1149 1294 perunum
1173 1233 1285 1275 annum

156 1323 293 1383 omnibus
314 1324 377 1383 suis
398 1325 522 1401 reliquis
536 1325 658 1401 negotiis
672 1326 787 1397 solutis,
801 1325 842 1383 D.
858 1324 1017 1383 Thomae
1035 1325 1128 1384 Ruia
1147 1324 1284 1402 Agudo

155 1441 187 1491 et
206 1433 247 1492 D.
267 1432 498 1494 Ferdinando
518 1433 659 1506 Prieto,
680 1436 733 1512 qui
752 1436 869 1511 negotio
890 1435 922 1493 in
943 1433 1107 1510 Hispania,
1131 1436 1175 1495 uti
1195 1434 1288 1494 huius*

155 1551 252 1601 terrae
279 1543 348 1601 iude
372 1563 411 1602 ex
432 1546 521 1622 longo
542 1551 674 1622 ternpore
694 1555 741 1605 est
761 1539 906 1617 conditio,
932 1551 1010 1604 corte
1031 1561 1090 1603 non
1112 1562 1199 1621 saepe
1218 1552 1284 1602 tra·

157 1659 235 1712 ctato
256 1660 339 1712 tanta
360 1672 428 1712 cum
449 1674 521 1714 cura
541 1664 610 1715 sunt
630 1655 733 1726 iuncti,
755 1662 790 1713 ut
809 1654 954 1713 maximae
966 1654 1002 1713 iis
1016 1653 1130 1728 gratiae
1143 1653 1284 1714 volunta·

156 1762 193 1821 tis
216 1777 287 1821 suae
309 1770 340 1821 et
359 1763 526 1839 diligentiae
547 1765 607 1823 sint
627 1765 767 1840 agendm.
798 1761 962 1822 Praeterea
988 1765 1062 1822 satis
1082 1764 1173 1840 longa
1195 1781 1284 1839 prae-
1334 1732 1340 1753 ’

155 1871 264 1931 latione
290 1882 320 1931 et
348 1874 477 1932 codicem
501 1874 600 1949 ipsum
626 1883 656 1932 et
681 1892 766 1931 suam
791 1874 897 1948 agendi
917 1873 1062 1931 rationem
1082 1872 1233 1947 eleganter
1253 1878 1285 1929 et

86 1999 89 2004 ·
154 1982 242 2039 docte
262 1982 490 2058 descripserunt,
519 2001 579 2057 qua
599 2001 638 2040 ex
658 1980 848 2058 praefatione,
869 1981 912 2038 rei
932 1981 1071 2039 novitatis
1093 1998 1194 2051 causa,
1216 1998 1286 2041 eum
1389 1994 1396 2003 '

155 2108 196 2148 ex
216 2089 369 2167 Hispania.
381 2109 460 2149 nuuc
481 2091 532 2150 vix
549 2083 612 2149 alia
632 2091 682 2150 via
702 2091 862 2149 afferantur
875 2088 992 2163 Latina,
1013 2090 1073 2149 iam
1086 2107 1178 2166 supra
1191 2108 1284 2167 quae·

154 2201 223 2259 dam
243 2200 423 2277 uansmipsi,
444 2201 503 2260 alia
516 2201 722 2272 transcribam
746 2201 873 2276 denique
887 2210 948 2260 tam
962 2200 1068 2260 eximia
1082 2201 1285 2277 constantique

154 2311 266 2370 litteras
292 2312 429 2388 pingendi
457 2312 603 2386 elegantia
629 2331 682 2388 per
707 2319 861 2370 sexcentas
888 2310 991 2386 viginti
1016 2310 1141 2387 paginas
1170 2310 1284 2371 formae

154 2421 301 2481 maximae
322 2430 393 2480 sunt
412 2422 469 2494 usi,
491 2428 526 2482 ut
546 2423 626 2481 haud
648 2423 709 2481 scio
730 2439 769 2481 au
790 2421 953 2496 quidquem
974 2421 1092 2481 nitidius
1113 2423 1146 2480 in
1159 2423 1216 2481 hoc
1228 2439 1282 2496 gc·

153 2547 224 2589 nere
243 2531 368 2590 inveniri
388 2533 491 2607 possit.
525 2532 641 2590 Testati
663 2533 752 2591 etiam
771 2533 829 2591 hoc
851 2536 921 2589 sunt
941 2531 1055 2589 librarii
1075 2530 1167 2606 Regis
1187 2532 1283 2591 nostri

152 2641 225 2699 artis
256 2659 326 2699 suas
355 2641 538 2719 peritissimi,
575 2649 605 2698 et
631 2640 873 2717 chalcographiac
901 2641 1001 2716 potius
1027 2658 1117 2715 quam
1143 2641 1282 2720 librariae

152 2751 224 2808 artis
256 2750 331 2808 illud
363 2751 505 2809 volumen
533 2750 622 2808 dicas.
660 2748 857 2809 contulerunt
884 2756 983 2806 autem
1008 2749 1055 2805 illi
1079 2749 1136 2807 viri
1160 2747 1283 2809 Summe

151 2857 315 2917 Reverendi
349 2860 477 2917 codicem
513 2858 691 2916 Toletanum
727 2875 795 2915 cum
829 2856 956 2915 editione
990 2855 1174 2932 Dalccampii
1210 2859 1281 2917 anni

150 2965 412 3025 MDLXXXVII.
440 2987 476 3026 ea
501 2966 562 3026 iere
586 2968 708 3040 ratione,
738 2985 799 3042 qua
825 2967 945 3027 saeculo
967 2968 1225 3043 septimodecimo
1251 2975 1283 3026 et

150 3084 256 3135 octavo
276 3083 346 3134 ante
366 3075 558 3154 philologiam
578 3077 609 3136 in
629 3086 724 3136 artem
746 3086 835 3152 atquc
855 3077 1040 3154 disciplinam
1060 3079 1209 3138 redactam
1224 3078 1282 3137 viri

103 3268 109 3279 .
150 3186 230 3246 docti
255 3188 423 3246 utebantur.
455 3188 625 3265 Presbyteri
653 3187 762 3247 scilicet
789 3187 913 3264 Hispani
934 3189 971 3245 da
992 3190 1048 3247 hac
1068 3207 1102 3246 re
1122 3189 1164 3248 ita
1184 3190 1281 3249 dissc-

149 3305 288 3356 ruerunt:
325 3296 403 3369 „Ad
435 3316 591 3356 numerum
624 3316 695 3357 vero
727 3306 756 3355 et
788 3298 960 3373 qualitatem
990 3299 1169 3357 variantium
1198 3299 1280 3375 quod

150 3415 276 3483 spectat,
309 3409 426 3466 animus
458 3409 577 3483 quidem
608 3408 664 3466 fuit
695 3407 780 3465 nobis
813 3425 915 3465 omnes
947 3408 1067 3466 omniuo
1099 3407 1280 3467 differentias

149 3517 370 3589 transcribendi,
392 3517 427 3574 iis
450 3517 605 3576 dumtaxat
626 3517 765 3592 exceptis,
781 3534 857 3591 quae
872 3517 1116 3594 interpunctionis
1131 3526 1161 3577 et
1175 3520 1278 3576 ortho-

150 3625 290 3702 graphias
311 3627 383 3686 vitio
404 3628 435 3686 in
456 3635 557 3704 aperto
578 3627 771 3703 manuscripti
791 3627 897 3686 mendo
918 3630 1070 3687 cubarsnt.
1104 3628 1141 3686 Id
1162 3626 1278 3686 consilii

150 3752 354 3813 coeperamus,
383 3737 441 3795 rati
465 3739 592 3814 primum
617 3756 677 3796 non
703 3737 777 3795 adeo
802 3736 968 3812 frequentia
992 3737 1107 3797 lorcin
1128 3734 1277 3793 conditiva

150 3845 249 3904 codice
270 3847 391 3905 menda:
414 3848 500 3922 gnari
520 3848 624 3906 deinde
645 3846 774 3906 accidere
794 3866 855 3906 non
875 3866 954 3919 raro,
977 3856 1011 3905 ut
1023 3847 1055 3904 in
1070 3843 1277 3920 depravatissi-

150 3954 207 4011 mis
231 3954 410 4027 quibusdam
433 3957 506 4015 locis
531 3975 619 4015 verae
646 3957 848 4031 genuinaeque
875 3956 1009 4014 lectionis
1029 3954 1110 4013 haud
1130 3954 1201 4014 alibi
1221 3955 1275 4015 de·

150 4071 246 4122 tectae
266 4063 391 4139 vestigia
411 4064 608 4124 inveniantur.
632 4064 681 4122 Ab
696 4067 752 4123 hoe
765 4071 864 4122 tamen
879 4063 1010 4137 consilio,
1028 4065 1108 4140 quod
1122 4065 1152 4125 in
1165 4066 1274 4143 priori·

151 4174 208 4233 bus
229 4174 312 4234 libris
332 4175 426 4234 secuti
446 4174 605 4246 ineramus,
626 4175 822 4235 recedendum
842 4183 948 4251 postca
969 4179 1135 4239 censuimus
1149 4178 1180 4237 iu
1200 4175 1273 4236 locis
