2888 4794
150 277 211 347 12⁶
498 293 702 343 uarunams
725 295 920 345 msronran

149 449 317 535 incipiunt,
339 446 400 513 hue
415 469 492 512 vero
506 470 634 537 augere,
650 449 722 514 illae
736 460 823 514 retro
838 471 966 514 cursum
981 460 1117 537 agunta
1132 453 1269 518 statione

148 551 304 617 matutina
315 571 418 635 usque
431 549 474 614 ad
486 550 713 636 vespertinam,
725 549 874 629 Veneris,
888 573 908 614 a
918 550 1103 637 vespertina
1112 575 1216 638 usque
1226 554 1269 618 ad

148 653 346 718 matutinam.
361 649 478 736 Incipit
490 661 597 715 autem
612 651 653 717 ab
666 662 782 717 exortu
792 651 949 718 matutino
959 652 1160 739 latitudinem
1174 677 1267 720 seun-
1283 673 1312 721 te

147 755 235 831 dere,
258 750 459 817 altitudinem
473 773 550 816 vero
569 772 608 816 ao
631 752 728 817 solem
750 752 876 836 insequi
898 774 918 816 a
940 753 1077 821 statione
1098 756 1266 835 matutina,

138 854 294 946 =ocissima
305 853 340 918 in
355 874 471 918 oeeasu
482 845 684 918 matutino'et
698 853 863 932 altissima,
883 853 1017 941 degredi
1034 866 1141 921 autem
1156 857 1266 923 latitu-

144 956 219 1022 dine
240 964 428 1037 motumque
449 953 592 1019 minuere
613 954 654 1020 ab
677 965 791 1019 exortu
811 955 1005 1040 vespertine,
1027 966 1113 1022 retro
1136 957 1266 1040 quidem

143 1057 191 1123 ire
203 1057 361 1140 simulque
372 1054 540 1120 altitudine
551 1055 684 1143 degredi
699 1055 740 1121 ab
756 1054 891 1120 statione
906 1056 1105 1141 vespertina3
1120 1056 1266 1125 Mercuri
1344 1107 1346 1112 .

143 1181 274 1224 rursum
301 1157 393 1223 stella
418 1167 555 1240 utroque
581 1156 677 1223 modo
705 1155 861 1222 scandere
889 1156 931 1222 ab
960 1167 1073 1222 exortu
1098 1160 1264 1239 matutino,

143 1259 278 1347 degredi
299 1280 376 1325 vero
396 1249 565 1323 latitudine
591 1258 837 1344 avespertino‚
865 1271 1102 1344 consecutoque
1131 1263 1197 1328 sole
1223 1263 1274 1329 ad

144 1361 327 1446 quindecim
347 1358 488 1446 partium
509 1358 711 1426 intervallum
734 1358 880 1439 oonsistit
900 1358 1071 1444 quatriduo
1091 1383 1192 1449 prope
1213 1364 1265 1429 in-

141 1463 278 1529 mobilis.
314 1460 397 1525 Mox
424 1459 464 1526 ab
492 1460 660 1526 altitudine
687 1460 855 1526 deseendit
880 1471 1030 1546 retroque
1055 1464 1203 1549 graditur
1223 1466 1265 1532 ab
1279 1484 1309 1531 te

141 1586 259 1632 ooeasu
279 1562 464 1648 vespertino
485 1582 588 1646 usque
610 1561 652 1626 ad
674 1571 822 1627 exortum
842 1563 1050 1642 matutinum,
1074 1574 1264 1649 tantumque

140 1667 221 1733 haee
242 1676 276 1732 et
300 1664 377 1729 luna
404 1664 536 1729 totidem
562 1664 677 1729 diebus
700 1674 779 1747 quot
800 1658 927 1729 subiere
949 1665 1160 1732 descendunt
1193 1666 1263 1733 Ve-

140 1769 225 1835 neris
247 1766 432 1853 quindecies
453 1764 599 1852 pluribus
621 1765 727 1844 subit,
750 1787 862 1830 mrsus
884 1762 1015 1833 Saturni
1038 1777 1071 1832 et
1090 1767 1179 1834 Iovis
1200 1769 1263 1835 du·

138 1871 258 1958 plicato
279 1868 522 1958 degrediuntur,
544 1866 660 1932 Martis
682 1867 779 1933 etiam
800 1867 1053 1954 quadruplicato.
1088 1868 1193 1935 Tanta
1213 1881 1264 1938 est

139 1983 272 2038 naturae
293 1972 454 2051 varietas,
482 1971 541 2036 sed
566 1970 647 2035 ratio
673 1963 822 2048 euidens3
855 1992 930 2035 nam
952 1971 1089 2054 quaein
1109 1992 1262 2056 vaporem

140 2074 215 2140 solis
236 2073 392 2152 nituntur,
416 2073 512 2138 etiam
533 2071 734 2137 descendunt
754 2093 860 2158 aegra.
950 2075 954 2084 '

145 2218 152 2229 .
183 2175 233 2239 15.
266 2172 374 2239 Multa
399 2174 504 2260 promi
530 2174 667 2259 amplius
693 2173 778 2237 eirea
798 2173 877 2238 haee
898 2184 1036 2258 possunt
1058 2183 1182 2239 secreta
1201 2195 1260 2239 na-
1275 2192 1305 2242 tr

122 2285 230 2340 turae
250 2276 416 2362 legesque,
440 2274 557 2358 quibus
578 2275 649 2360 ipsa
671 2274 804 2339 serviat:
828 2272 967 2360 exempli
988 2273 1092 2362 gratia
1112 2273 1147 2340 in
1167 2273 1261 2341 Mar„

139 2376 180 2443 tis
195 2375 311 2454 sidere,
335 2376 426 2440 euius
441 2384 491 2440 est
503 2396 654 2439 maxume
672 2373 916 2441 inobservabilis
938 2397 1072 2454 cursus,
1084 2399 1261 2461 numquam

137 2478 173 2542 id
199 2478 367 2543 stationem
397 2477 504 2543 faeere
534 2475 620 2541 Iovis
648 2477 753 2542 sidere
779 2477 957 2561 triquetro,
987 2500 1060 2543 raro
1087 2474 1261 2543 admodum
1290 2482 1297 2494 “

139 2579 307 2668 sexaginta
328 2579 474 2665 partibus
495 2578 652 2656 discreto,
682 2577 738 2662 qui
758 2601 911 2653 numerus
933 2578 1126 2667 sexangulas
1147 2581 1260 2647 mundi

139 2682 239 2748 efficit
265 2681 404 2760 formas,
436 2702 497 2746 nee
525 2689 655 2745 exortus
686 2679 750 2744 nisi
775 2680 814 2745 in'
841 2681 967 2746 duobus
995 2681 1096 2769 signis
1124 2691 1284 2760 tantum·

138 2783 246 2849 caneri
272 2794 306 2849 et
330 2783 432 2849 leonis
459 2782 554 2848 simul
581 2783 716 2860 edere3'
734 2779 879 2848 Mercuri
906 2804 983 2848 vero
1012 2782 1100 2847 sidus
1129 2795 1259 2849 exortus

171 2991 307 3056 incipiant,
319 2993 369 3042 3¹.
389 3030 420 3040 ..
438 2992 534 3054 augeri,
546 3004 570 3040 σ.
589 3004 694 3054 augure,
705 2992 755 3041 R¹.
775 3030 806 3038 -
825 3007 842 3040 u
859 2988 965 3039 statione
976 2990 1106 3053 matutina,
1118 2993 1143 3040 d.
1161 2991 1198 3042 ad
1207 2999 1258 3042 ata·

137 3060 221 3110 dmum
232 3057 388 3120 matutinam,
399 3058 477 3109 Pna.
1055 3057 1060 3066 '

148 3136 151 3142 “
171 3125 240 3186 §ln
259 3124 402 3188 latitudine,
414 3140 437 3174 a
457 3165 488 3174 ..
507 3132 531 3174 et
542 3123 703 3186 altitudinem,
720 3125 752 3174 R..
771 3164 803 3172 -
822 3121 997 3174 adsensionem
1008 3123 1156 3187 matutinum,
1174 3126 1206 3176 R
1226 3166 1258 3176 ..

138 3201 170 3254 et,
183 3208 235 3243 om.
246 3194 276 3243 P.
295 3232 327 3242 -
346 3190 455 3260 degredi,
467 3193 600 3242 RTPad.
618 3189 726 3258 digredi,
737 3186 767 3253 β.
787 3230 819 3240 .-
837 3189 1042 3252 latitudinem,P.
1062 3233 1093 3242 ..
1111 3193 1258 3258 vespertino,
1293 3245 1295 3249 ,

136 3261 185 3312 RS
194 3255 308 3311 OPadr.
331 3259 461 3321 matutino,
477 3254 507 3322 β.
527 3299 560 3309 -
582 3258 746 3318 antudinam,
763 3260 818 3309 Rd.
837 3298 870 3309 ..
893 3257 1007 3326 depredi,
1023 3261 1125 3312 RTad
1149 3258 1257 3325 digredi,

136 3324 192 3391 Ρβ.
212 3369 244 3377 ..
262 3331 302 3391 ab,
319 3329 351 3379 R.
370 3347 394 3390 a,
406 3322 482 3392 Ρβγ.
500 3325 543 3390 au,
561 3329 605 3378 ad.
624 3367 656 3377 ..
679 3326 808 3376 elaeonem
824 3327 991 3391 reperiissem,
1008 3330 1054 3379 ad.
1072 3369 1104 3378 ..
1121 3327 1257 3380 Memriu'-
1327 3371 1331 3378 .

137 3406 191 3462 quc,
205 3396 235 3447 P.
254 3437 286 3446 ..
304 3413 410 3458 rursum,
426 3396 480 3446 1³².
508 3389 737 3459 rursus,Padssr.
764 3393 833 3456 Quid
848 3396 889 3446 B¹
907 3395 1032 3456 habuerit,
1048 3410 1102 3445 non
1116 3396 1205 3458 liquet.
1223 3434 1257 3445 .-

135 3462 240 3527 mellum,
255 3465 305 3515 3².
324 3505 356 3514 .-
374 3474 486 3529 utroque,
501 3464 622 3515 RPado.
646 3471 768 3527 retroque,
784 3457 813 3525 β.
831 3502 863 3511 ..
882 3459 998 3526 degredi,
1015 3463 1125 3515 BTad.
1148 3460 1257 3529 diqrsdu',

135 3527 191 3594 Ρβ.
210 3572 243 3646 ἲ
260 3549 328 3593 vcro,
350 3532 433 3582 omitt.
450 3533 500 3580 Pa
518 3571 550 3580 ..
573 3529 704 3591 matutae,
726 3530 768 3579 (1¹.
787 3569 819 3581 ,.
836 3538 871 3592 ot,
890 3531 941 3580 3².
960 3570 992 3579 ..
1010 3527 1152 3592 interuallo,
1172 3531 1205 3581 R.
1224 3568 1256 3579 ..

153 3615 203 3661 ene,
245 3601 275 3650 P.

132 3618 238 3730 Ρὲῖθ.
257 3665 299 3729 ud,
311 3666 429 3717 R²Pad
456 3668 495 3726 ab,
511 3666 562 3715 1³¹.
579 3705 612 3714 ..
630 3672 662 3726 et,
682 3678 733 3714 om
750 3665 799 3715 1³¹.
819 3705 851 3716 ..
869 3664 961 3727 subire,
973 3665 1024 3716 3¹.
1044 3705 1076 3715 ..
1094 3679 1143 3715 noa
1158 3661 1255 3714 dsscen-

136 3733 246 3796 dunat).
266 3776 297 3784 -
317 3731 467 3799 quindecies,
491 3725 654 3783 deuant.
678 3722 820 3796 munderico
835 3741 865 3795 ct,
881 3734 957 3784 3²1².
977 3730 1115 3796 quindecim
1126 3739 1158 3794 ct,
1173 3725 1203 3792 β.
1222 3770 1254 3780 ..

135 3801 247 3867 duplata,
267 3804 321 3854 Bd.
341 3842 372 3852 ..
391 3797 575 3867 deprcds'uutur,
595 3800 698 3850 RTad
721 3797 903 3866 digrediuntur,
919 3795 975 3862 Ρβ.
994 3840 1027 3850 -
1048 3814 1158 3864 nosque,
1173 3798 1204 3848 P.
1222 3837 1255 3847 ..

135 3871 218 3921 etium
239 3872 268 3921 P.

169 3936 185 3997 ξ
199 3907 238 3989 ll.
256 3935 352 3998 serviet,
365 3937 420 3987 To.
431 3976 463 3985 ..
478 3931 514 3996 id,
523 3936 596 3987 Rad.
609 3932 652 3996 ad,
660 3935 690 3984 P.
704 3931 733 3982 id
741 3932 794 3984 nisi
803 3933 927 4000 quadrato
936 3935 1064 3985 stationem
1064 3935 1165 3999 facere,
1174 3934 1208 3984 K.
1221 3973 1255 3984 ..

134 4004 276 4065 stationem,-
292 4006 353 4054 huie
369 4004 427 4054 voci
444 4012 471 4052 ut
490 4003 665 4068 suprascripsit
680 4003 713 4053 R.
733 4041 764 4050 ..
789 4000 930 4066 triquadro,
946 4004 977 4053 P.
996 4043 1028 4052 ..
1046 4001 1140 4068 effecit,
1152 4003 1203 4053 R'-
1222 4041 1255 4051 -

136 4084 180 4126 nec
191 4081 297 4132 exortus,
309 4073 383 4123 Rae.
401 4086 452 4133 nec,
463 4072 494 4121 P.
507 4109 539 4120 ..
557 4071 628 4122 simul
639 4070 718 4132 edere,
730 4082 754 4117 σ.
770 4110 802 4119 ..
819 4077 919 4120 exortus
931 4068 1086 4134 vespertinos
1098 4067 1255 4134 topiarium,

135 4139 205 4198 Bdr.
224 4140 250 4188 tn
262 4148 362 4188 exortus
380 4153 408 4189 uc
438 4136 530 4189 artinas
547 4137 574 4186 in
587 4138 702 4204 piscibus,
719 4153 742 4186 a.
767 4146 865 4188 exortus
881 4137 907 4187 iu
919 4137 1036 4201 piscatus,
1053 4137 1084 4188 P.
1107 4138 1133 4187 in
1141 4135 1255 4203 piscibus

136 4206 405 4271 exortusvcspcrtinoa
439 4219 464 4270 γ.
484 4246 515 4256 ..
539 4206 892 4268 raros‚Badc.raro‚P.·-..
911 4206 1078 4264 creberrimos,
1090 4205 1252 4256 R²Pa²do.

69 4291 73 4298 ·
135 4270 310 4333 celeberrimos,
320 4272 409 4323 ΒΨ.
428 4313 459 4322 ..
477 4271 607 4339 virginem,
618 4273 651 4323 R.
665 4313 695 4322 -
713 4271 739 4321 in
752 4269 825 4334 zara,
836 4273 945 4323 Pa²d².
965 4273 1179 4324 omiussuau
1189 4274 1205 4322 ¹.
1219 4311 1263 4347 ··,
