2888 4794
188 256 249 325 138
535 273 740 324 urrunnun
762 274 958 326 merorum

188 429 292 494 tillans
320 430 547 495 transcucmm't
573 429 648 494 solis
673 451 790 494 occasu
816 428 856 494 1..
880 426 1008 494 Valerio
1035 426 1074 494 C.
1097 427 1202 496 Mario
1230 454 1307 497 con-

187 528 320 596 sulibus.

229 628 382 699 XXXV.
420 633 471 700 35.
500 630 679 698 Scintillam
705 656 723 699 e
751 633 842 701 stella
869 634 1040 699 caderent
1065 632 1176 720 augeri
1205 645 1308 700 terrae

187 733 496 820 adpropinquantem
518 759 555 801 ac
583 747 753 822 postquam
779 737 875 802 lunae
903 735 1124 823 magnitudine
1152 737 1238 802 lacta
1266 737 1310 803 sit

186 836 340 903 inluxisse
362 862 423 905 ceu
443 837 552 904 nubilo
574 839 647 917 die,
677 837 751 903 dein
778 861 852 904 cum
880 838 914 902 in
942 841 1067 906 caelum
1094 861 1128 904 se
1150 838 1310 924 reciperet

185 937 367 1025 lampadem
398 940 538 1018 laetam,
579 939 677 1005 semel
708 961 860 1022 umquem
892 940 1039 1025 proditur
1071 936 1133 1005 Gn.
1167 935 1309 1005 Octavio

188 1038 228 1106 C.
261 1038 429 1108 Scribonio
458 1039 651 1107 oonsulibus.
694 1039 788 1106 Vidit
815 1040 857 1104 id‘
879 1038 1009 1107 Silanus
1036 1041 1208 1128 proconsul
1234 1063 1309 1106 cum

186 1142 341 1208 comitatu
362 1165 430 1209 suo.
456 1216 464 1235 .

229 1241 400 1311 XXXVI.
433 1245 485 1309 36.
507 1244 596 1310 Fieri
618 1243 771 1309 videntur
792 1254 826 1309 et
847 1243 1012 1310 discursus
1032 1243 1196 1310 stellarum
1213 1261 1309 1308 num-

187 1364 284 1428 quam
306 1355 436 1425 temere,
458 1355 580 1411 utnon
602 1369 643 1410 ex
665 1368 703 1411 ea
722 1355 815 1431 parte
838 1356 944 1411 truces
966 1345 1055 1411 venti
1077 1345 1266 1412 coorientur.

229 1443 417 1512 XXXVII.
451 1447 503 1511 37.
525 1447 698 1512 Exsistunt
712 1447 821 1512 stellae
837 1459 870 1512 et
884 1447 919 1511 in
938 1447 1018 1513 mari
1040 1447 1207 1531 terrisque.
1230 1445 1309 1512 Vidi
1325 1466 1370 1510 mr

187 1547 351 1613 nocturnis
373 1549 511 1614 militum
531 1548 650 1638 vigiliis
671 1549 837 1614 inhaerere
862 1549 937 1635 pilis
961 1571 1021 1636 pro
1043 1549 1126 1616 vallo
1147 1548 1310 1638 fulgorem

188 1648 297 1736 effigie
313 1673 362 1730 ea,
385 1660 418 1715 et
436 1650 593 1716 antemnis
615 1651 835 1738 navigantium
857 1651 991 1736 aliisque
1012 1652 1142 1719 navium
1163 1650 1310 1738 partibus
1381 1651 1384 1655 ’

188 1773 249 1817 ceu
270 1751 372 1817 vocali
393 1752 532 1836 quodam
555 1773 633 1818 sono
653 1752 806 1817 insistunt
826 1762 864 1817 ut
883 1754 1030 1819 volucres
1051 1754 1163 1820 sedem
1177 1777 1218 1820 ex
1233 1753 1310 1819 sede

187 1863 365 1932 mutantes3
388 1875 535 1942 graves,
550 1877 623 1919 cum
644 1853 804 1920 solitariae
826 1856 961 1933 ienere,
983 1867 1229 1943 mergentesque
1250 1877 1309 1921 na·

188 1953 276 2043 vigia
302 1966 334 2020 et
363 1955 391 2020 si
418 1957 452 2021 in
480 1957 605 2022 carinae
630 1957 695 2020 ime
716 1956 914 2035 deciderint,
945 1969 1134 2037 exurentem
1163 1958 1312 2045 geminae

187 2067 296 2122 autem
319 2057 474 2123 salutares
496 2068 530 2122 et
549 2057 694 2145 prosperi
717 2079 831 2122 cursus
851 2059 1070 2145 praenuntiae,
1094 2081 1230 2144 quarum
1251 2058 1310 2123 ad-

188 2168 288 2223 ventu
302 2159 409 2247 lugeri
424 2159 524 2224 diram
545 2159 633 2225 illam
653 2181 692 2224 ac
712 2159 869 2224 minacem
883 2161 1138 2246 appellatamque
1153 2160 1312 2226 Helenam

190 2259 309 2325 ierunt.
345 2259 391 2323 Et
423 2259 464 2326 ob
496 2259 530 2324 id
556 2258 681 2324 Polluci
714 2270 747 2325 et
775 2257 904 2324 Castori
932 2260 967 2324 id
994 2283 1111 2328 nomen
1139 2261 1312 2350 adsigth

192 2382 311 2445 eosque
332 2361 367 2424 in
388 2363 468 2427 mari
490 2362 568 2427 deos
589 2362 749 2426 invocant.
778 2359 956 2425 Hominum
977 2384 1109 2449 quoque
1127 2364 1233 2451 capita
1253 2386 1312 2429 ve·

192 2463 344 2550 spertinis
364 2485 481 2552 magno
502 2464 671 2551 praesagio
694 2463 956 2552 circumfulgent3
991 2466 1097 2531 omnia
1117 2465 1239 2532 incerta
1258 2487 1311 2530 ra

193 2566 279 2632 tione
302 2577 335 2631 et
355 2565 389 2630 in
411 2577 544 2632 naturae
565 2566 731 2632 maiestate
753 2564 872 2630 abdita.

235 2664 440 2734 XXXVIII.
478 2669 529 2734 38.
559 2666 730 2734 Hactenus
757 2667 799 2734 de
828 2668 948 2733 mundo
974 2669 1046 2755 ipso
1072 2669 1377 2755 sideribusque31oa

228 2904 423 2964 transcucurrit,
443 2903 546 2954 R'raa
578 2903 740 2965 transcurrit,
761 2905 783 2954 P
806 2901 937 2967 (Robert.)
953 2898 982 2966 β.
1007 2943 1038 2952 ..
1061 2920 1184 2965 asomum,
1204 2904 1256 2953 Pa.
1280 2943 1312 2952 ..

193 2970 312 3033 estella,
333 2972 397 3021 Pad
414 2967 554 3033 (Robsrt.)
583 2979 606 3019 et
624 2969 711 3032 stella,
731 2972 763 3021 R.
799 2979 823 3021 et
843 2969 953 3033 stellam,
978 2972 1009 3022 Τ.
1038 3011 1069 3020 ..
1096 2970 1167 3022 lanae
1191 2988 1231 3020 nea
1248 2971 1313 3020 nitu-

193 3038 264 3101 dine,
285 3042 323 3089 ad
339 3038 424 3100 (codd.
443 3036 564 3100 Gelenii.)
596 3037 668 3087 lunae
689 3037 949 3102 mantissimas.
976 3040 1002 3090 in
1019 3035 1093 3088 lunae
1113 2987 1314 3103 aequantium,

165 3124 168 3129 ’
192 3109 239 3159 Pr.
259 3147 290 3156 ..
305 3108 382 3167 facte,
395 3107 445 3155 3¹.
465 3145 496 3154 -
516 3103 649 3166 inussisse,
662 3109 686 3156 d.
700 3146 731 3155 -
745 3104 795 3167 die,
807 3107 859 3157 BT
868 3098 1142 3171 &Padrcfflobertq
1160 3104 1221 3169 diei,
1232 3101 1262 3168 β.
1281 3146 1313 3157 .-

193 3172 290 3235 deinde,
302 3175 331 3224 P.
350 3214 382 3222 ..
401 3169 658 3233 sumeuuelicheru
671 3213 703 3223 ..
715 3173 845 3237 receperit,
857 3176 887 3226 P.
900 3216 932 3224 -
949 3190 1082 3239 nunquam,
1094 3176 1124 3225 P.
1138 3214 1170 3224 ..
1193 3170 1228 3235 0.,
1240 3175 1313 3225 Rad.

195 3239 313 3303 Claudio,
324 3243 355 3294 Ρ.
374 3281 406 3290 ..
424 3238 461 3302 id,
473 3240 575 3291 RPS'I'
584 3232 643 3289 Uar
655 3237 785 3303 (Robert.)
804 3239 856 3302 ica,
868 3244 884 3292 d
889 3238 911 3305 β
915 3256 941 3308 γ.
961 3242 1019 3293 Om.
1031 3243 1132 3293 nichel.
1151 3282 1183 3292 ..
1200 3238 1314 3302 Silanus,

192 3309 269 3374 Pigh.
282 3309 366 3359 annal.
379 3315 403 3370 3,
415 3314 474 3359 294.
494 3307 653 3360 Confirmant
664 3309 741 3362 RST
750 3300 818 3360 Odr.
836 3306 954 3371 Satanas,
966 3310 1066 3360 Richel.
1089 3308 1183 3372 liunus,
1194 3326 1211 3360 a
1221 3305 1314 3371 (aab.)

191 3375 309 3439 lucinius,
321 3378 352 3427 P.
370 3376 481 3428 Licinius
493 3373 619 3442 syllanus,
630 3371 660 3438 β.
679 3418 711 3428 -
729 3395 789 3439 curn,
801 3378 875 3429 Rad.
894 3376 929 3440 in,
940 3378 970 3429 P.
989 3419 1021 3428 ..
1039 3395 1136 3439 cursus,
1148 3378 1180 3429 Τ.
1199 3417 1231 3427 ..
1249 3385 1313 3425 tene-

193 3445 228 3508 ri,
240 3446 270 3495 P.
290 3486 321 3494 -
341 3452 424 3508 uentu,
436 3446 466 3495 P.
486 3486 517 3495 ..
536 3461 584 3509 quo
596 3445 719 3507 oriantur,
731 3447 762 3497 R

227 3513 242 3574 §
257 3518 313 3563 101.
331 3510 449 3562 Exisurnt
466 3510 561 3573 stellae,
577 3515 631 3564 Rd.
654 3512 696 3562 Eat
712 3512 751 3563 ais
764 3521 818 3564 tunc
834 3511 927 3577 stellae,
946 3529 969 3562 a
996 3511 1038 3561 Ea
1054 3507 1096 3560 Itis
1112 3522 1170 3562 tunc
1182 3509 1315 3577 mosellae,

192 3583 256 3633 Phr
267 3578 392 3642 (Robert,
404 3580 513 3632 carbon.
532 3588 557 3630 et
573 3581 617 3630 alii
633 3596 673 3645 ap.
690 3580 816 3643 Renaon.)
832 3578 949 3646 procella,
960 3594 985 3630 a.
1005 3621 1036 3629 ..
1051 3580 1125 3646 prins,
1136 3581 1167 3630 P.
1187 3620 1218 3630 ..
1228 3578 1315 3644 fulpo-

192 3664 252 3710 rem,
268 3651 320 3702 Rd.
336 3646 473 3715 sulpurata,
494 3649 524 3698 Ρ.
545 3645 687 3712 fulgurum,
705 3649 776 3699 Kar.
800 3688 831 3697 ..
855 3647 954 3715 effipies.
978 3645 1042 3709 Eas,
1058 3649 1109 3699 Kr.
1132 3687 1164 3697 -
1187 3645 1314 3705 anamais,

193 3719 268 3768 Rad.
293 3717 416 3778 antennis,
433 3717 462 3766 P.
488 3755 519 3764 ..
543 3713 628 3765 sedere
647 3731 659 3763 e
680 3714 747 3776 sede,
763 3717 793 3766 P.
818 3757 849 3766 ..
874 3714 997 3778 solitarie,
1014 3717 1044 3766 Ρ.
1064 3757 1095 3765 -
1114 3717 1148 3777 in,
1165 3727 1215 3763 om.
1233 3714 1262 3763 Ρ.
1282 3752 1322 3773 ..-

193 3782 329 3846 decidunt,
349 3786 378 3834 P.
399 3825 429 3833 -
448 3783 573 3845 salutare,
588 3782 638 3834 R'.
657 3825 688 3833 -
706 3786 888 3847 praenuntiae,
904 3784 936 3833 1³.
956 3785 1073 3845 nuntiae,
1091 3784 1190 3834 TPad.
1210 3822 1241 3831 ..
1259 3797 1315 3831 con·

193 3861 277 3914 uentu,
297 3854 327 3903 P.
357 3893 387 3901 ..
415 3849 513 3912 duram,
529 3852 559 3901 P.
588 3891 619 3900 ..
645 3850 746 3912 Polluti,
767 3852 799 3901 R.
828 3892 859 3900 ..
887 3859 910 3901 et
934 3846 1041 3913 Castori,
1062 3852 1115 3902 PR
1134 3847 1162 3912 (e
1181 3847 1261 3912 corr.)
1287 3865 1317 3898 aa

195 3917 308 3982 Castori,
321 3923 344 3971 d.
363 3918 509 3980 accusatori,
525 3935 548 3968 a
568 3959 600 3968 ..
617 3934 709 3981 nomen,
720 3921 798 3970 RPa
817 3934 914 3982 numen,
925 3914 997 3982 dssr.
1012 3960 1042 3968 ..
1060 3917 1127 3980 deas,
1139 3919 1221 3969 omitt.
1234 3915 1316 3967 ΒΨ.

195 3988 255 4039 deos
273 3988 300 4037 in
313 3989 384 4049 muri,
397 3990 420 4038 d.
440 4028 470 4038 ,.
487 3996 579 4048 nocam,
594 3986 635 4037 d¹.
653 4029 684 4038 ...
702 3984 843 4048 Nominum,
859 3988 889 4039 Ρ.
909 4028 939 4037 ..
957 3985 1116 4049 uespertinis,
1133 3981 1316 4039 RTPsuut

196 4054 348 4170 uespertgnis
365 4053 443 4118 Iuris,
461 4050 588 4122 a²d²ss7t
615 4055 656 4106 Ita
672 4070 748 4119 saepe
764 4053 895 4105 matutinis
912 4054 973 4104 dicit
989 4055 1056 4104 Ptin
1077 4095 1107 4104 ..
1119 4055 1225 4122 fulgent,
1236 4056 1266 4105 P.
1286 4093 1316 4102 ..

195 4123 287 4186 abscon
306 4125 352 4184 ita,
363 4125 393 4174 P.

232 4187 248 4250 ἕ
263 4196 319 4240 102.
337 4189 450 4253 Asnaus,
462 4193 494 4242 R.
514 4233 544 4241 -
564 4190 654 4242 mundo
664 4193 724 4256 apso,
736 4191 786 4242 BP
795 4183 881 4241 Oadr.
905 4189 959 4255 ipso
971 4190 1067 4273 mundo,
1078 4185 1107 4252 β.
1127 4231 1158 4239 -
1177 4188 1319 4254 syderibus,
