2888 4794
582 316 797 380 racnrmo.
1213 310 1253 374 13

134 509 176 553 ex
196 485 259 551 illis
274 507 349 549 mox
365 484 460 550 velim
478 483 622 572 intellegi
635 482 790 572 pingendi
803 481 1010 571 fingendique
1026 479 1254 558 conditoribus,

135 613 216 680 qu'os
244 596 279 660 in
299 594 416 662 libellis
441 594 492 659 his
518 592 662 659 invenies
689 593 837 679 apsoluta
862 614 961 678 opera
988 603 1021 658 et
1046 592 1101 658 illa
1127 610 1255 674 quoque

136 728 219 791 quae
245 702 391 770 mnando
416 726 481 769 non
508 703 660 768 satiamur
681 702 835 789 pendenti
857 702 949 767 titulo
975 701 1187 788 inscripsisse,
1219 709 1257 765 ut

137 816 294 903 „Apelles
309 814 468 881 faciebat'’
492 823 548 878 aut
562 811 805 897 „Polycletus”
829 821 990 896 tamquam
1003 810 1152 876 inchoata
1171 831 1255 874 eem-

136 949 196 1012 per
210 936 279 991 arte
302 936 334 990 et
354 922 542 1010 inperfecta,
565 931 727 987 utcontra
746 921 937 987 iudiciorum
952 921 1121 987 varietates
1143 942 1256 1005 super·

138 1045 225 1101 esset
245 1033 359 1099 artifici
379 1054 547 1122 regressus
562 1031 604 1096 ad
618 1032 755 1110 veniam,
778 1031 866 1096 velut
881 1031 1087 1096 emendaturo
1102 1029 1259 1115 quidquid

139 1145 386 1222 desideraretur,
411 1143 438 1207 si
459 1164 523 1207 non
545 1156 631 1207 esset
650 1143 859 1228 interceptus.
884 1138 993 1223 Quare
1013 1143 1144 1228 plenum
1165 1161 1258 1206 vere·
1272 1156 1303 1204 at

141 1253 276 1359 nundine
297 1253 387 1333 illud,
416 1253 503 1338 quod
522 1252 629 1318 omnia
643 1254 747 1338 'opera
769 1262 932 1336 tamquam
951 1251 1124 1318 novissima
1142 1250 1258 1317 inscri-

80 1502 92 1512 ι
142 1463 240 1527 tiquam
251 1463 330 1514 Plinii
342 1464 374 1513 ab
385 1470 490 1513 anctore
500 1463 597 1512 incerto
609 1459 742 1525 scriptam)
754 1463 826 1525 loqui
838 1462 974 1523 voluisset,
992 1462 1151 1511 scribendum
1167 1459 1220 1511 fere
1236 1461 1260 1511 ei

142 1539 209 1582 eretz
226 1531 408 1582 lucubrationem
426 1530 547 1595 inscripsit
558 1530 639 1580 borum
656 1527 704 1592 (sc.
721 1526 947 1591 sanctissimorum)
969 1545 1029 1579 unus
1049 1538 1105 1594 puto
1127 1529 1185 1594 quia
1206 1528 1260 1590 rel,

143 1612 299 1662 quamquam
315 1608 341 1649 et
358 1600 394 1648 ita
405 1600 479 1649 locus
490 1598 613 1661 explicari
625 1605 717 1661 potest,
729 1606 759 1647 ut
770 1599 803 1649 sit
814 1613 859 1661 per
870 1598 1040 1648 inversionem
1050 1597 1129 1660 paule
1141 1597 1260 1647 audado-

142 1680 197 1716 rem
214 1668 310 1716 dictum
327 1666 509 1717 lucubrationem
526 1666 648 1730 inscripsit
657 1665 792 1715 Bibaculus
806 1675 862 1730 preto
874 1664 933 1730 quia
944 1666 1003 1715 Bab.
1021 1674 1075 1715 erat
1085 1675 1107 1714 et
1122 1667 1261 1727 malaue,

143 1736 211 1784 unde
231 1735 281 1784 ianr
302 1743 408 1798 apparet
427 1734 566 1784 Weicherti
586 1734 763 1782 emendatione
783 1748 836 1781 non
857 1747 922 1796 opus
942 1747 1004 1782 esse
1023 1731 1195 1796 Agnoscimus
1209 1733 1262 1782 hoc

143 1803 204 1851 loco
215 1801 338 1864 frigidum
349 1810 375 1852 et
386 1803 418 1852 ab
430 1802 557 1863 elegantia
567 1801 668 1850 iocandi
680 1801 862 1850 alienissimum
873 1801 952 1850 Plinii
963 1801 1101 1863 ingenium.
1119 1801 1185 1850 liam
1203 1815 1262 1849 cum

143 1870 188 1920 alii
201 1883 304 1932 quoque
315 1870 449 1932 scriptores
460 1869 572 1919 Romani
584 1882 662 1930 opera
673 1883 719 1916 sua
730 1868 914 1929 inscripsissent
924 1867 1114 1916 lucubrationes
1131 1865 1180 1928 (uti
1197 1867 1263 1917 Atta

143 1952 186 2001 ap.
209 1937 323 1986 Nonium
340 1951 359 1984 s.
377 1951 401 1983 v.
419 1931 569 1998 auspicavi),
585 1935 656 1984 Furii
674 1934 876 1983 lucubrationem
892 1934 980 1983 laudat
990 1935 1097 1993 Plinius,
1115 1934 1176 1996 quia
1186 1934 1263 1984 liuius

144 2017 290 2067 cognomen
302 2003 325 2051 ei
334 2002 495 2051 occasionem
504 2002 608 2063 praebet
618 2002 720 2050 iocandi
732 2013 757 2050 et
766 2001 850 2064 lepide
859 2001 955 2050 scilicet
966 2001 1119 2064 explicandi,
1131 2004 1262 2065 quomodo

143 2073 237 2124 Furius
254 2073 287 2120 ad
303 2070 371 2120 hunc
386 2070 579 2132 inscriptionem
591 2069 744 2132 pervenerit3
756 2069 914 2132 probabilem
926 2069 994 2118 enim
1006 2083 1108 2118 causam
1119 2068 1197 2119 fuisse
1209 2069 1263 2119 eius

145 2140 321 2199 bibacitatem,
339 2151 393 2186 non
410 2139 480 2199 quod
496 2137 602 2188 Furium
618 2151 676 2186 vere
687 2138 803 2186 bibacem
814 2144 840 2185 et
851 2136 989 2187 helnonem
1000 2136 1079 2187 fuisse
1091 2137 1208 2198 sciamus,
1219 2139 1265 2188 sed

146 2223 216 2258 mera
228 2215 266 2256 est
277 2207 342 2255 haec
353 2205 432 2255 Plinii
449 2205 603 2254 coniectura.
628 2204 728 2266 Quodsi
740 2205 808 2254 enim
818 2205 910 2254 Furius
922 2205 993 2254 alium
1004 2219 1149 2268 cognomen
1160 2204 1264 2256 habuis-

147 2283 193 2337 set,
205 2274 387 2325 lucubrationis
399 2273 530 2338 inscriptio
542 2273 587 2342 vix
598 2273 683 2322 Plinio
695 2287 756 2336 prae
768 2273 824 2322 aliis
836 2273 915 2322 allata
925 2271 1021 2323 fuisset.
1039 2274 1118 2324 Ludit
1133 2288 1194 2323 vero
1210 2274 1264 2324 Pli-

147 2345 205 2393 nius
220 2343 247 2391 in
264 2356 327 2390 voce
344 2341 511 2404 lucubratione,
530 2355 594 2404 quae
612 2357 670 2390 cum
687 2341 789 2404 proprie
806 2343 837 2390 de
854 2354 931 2404 opere
943 2341 1030 2404 aliquo
1041 2347 1121 2391 noctu
1133 2341 1264 2392 elaborato

148 2412 252 2471 dicetur,
264 2409 393 2460 transferri
404 2410 481 2460 etiam
493 2411 585 2474 potuit,
597 2411 628 2459 de
640 2421 692 2472 quo
704 2415 790 2459 tamen
802 2410 901 2460 dubitat
910 2410 1022 2460 Bahrius
1032 2424 1059 2474 p.
1066 2415 1132 2471 bib,
1150 2412 1183 2460 ed
1194 2424 1264 2463 cum-

149 2479 293 2542 potationes
305 2478 332 2526 in
343 2478 452 2529 multam
462 2486 565 2529 nucum
576 2484 677 2538 uectus,
691 2491 757 2539 quae
768 2477 919 2540 significatio
929 2479 1101 2542 metonymica
1107 2479 1169 2529 alibi
1179 2486 1266 2528 tamen

148 2546 193 2594 vix
204 2546 280 2596 obvia
289 2546 403 2596 Plinium
414 2547 530 2597 Bibaculi
543 2546 704 2609 cognominis
715 2554 808 2609 poetae
815 2547 887 2596 Parii
898 2545 1101 2607 commonefecit,
1114 2561 1191 2609 quem
1199 2561 1265 2610 opus

147 2628 223 2677 suum
232 2613 436 2665 lucubrationem
446 2614 603 2677 inscripsisse
614 2614 757 2676 suspicatur
767 2627 821 2662 non
832 2628 865 2662 ex
882 2614 976 2662 usitata
990 2615 1061 2663 vocis
1073 2614 1265 2676 significatione,

73 2742 78 2749 κ
148 2676 237 2730 sodex
248 2681 328 2731 ultera
339 2682 392 2744 ills,
405 2684 525 2744 adquam
537 2681 750 2730 etinveniendam
762 2689 788 2730 et
801 2681 944 2743 eligendam
960 2694 1007 2730 suo
1025 2682 1179 2744 cognomine
1192 2683 1266 2731 indu·

149 2757 204 2799 ctus
214 2747 299 2799 fuerit.
316 2750 384 2800 'l'um
393 2756 577 2799 commemorat
586 2748 685 2798 Plinius
693 2747 844 2807 Varronem,
854 2760 930 2810 quem
938 2761 993 2796 non
1000 2748 1084 2797 minus
1091 2749 1168 2797 miras
1179 2749 1266 2798 inseri·

149 2817 250 2883 ptiones
267 2817 319 2866 suis
336 2817 407 2867 libris
423 2817 575 2880 imposuisse
588 2814 672 2865 refert.
689 2815 760 2865 Dicit
771 2822 857 2864 autem
868 2814 1011 2864 Varronem
1021 2814 1078 2865 illas
1089 2814 1267 2879 inscriptiones

149 2886 229 2949 paulo
239 2886 324 2934 minus
336 2885 484 2946 asseruiss03
496 2892 522 2933 et
533 2897 592 2933 cum
600 2881 675 2948 paulo
691 2884 768 2932 minsa
785 2889 885 2932 constet
899 2882 968 2932 idem
983 2896 1038 2932 esse
1050 2885 1119 2945 quod
1130 2897 1266 2947 propemo-

150 2955 214 3003 dum
231 2951 293 3016 (vid
312 2958 336 3013 a,
349 2958 390 3003 se.
403 2955 461 3003 ast.
474 2958 498 3013 a,
516 2957 557 3001 ιι.
572 2957 595 3012 e,
607 2958 631 3000 ι.
644 2957 668 3012 e,
683 2956 740 3001 rsa.
754 2956 810 3000 ιιι.
823 2955 881 3000 aro.
901 2955 941 3010 ιι,
956 2953 1012 3002 171.
1027 2955 1067 3011 ra,
1079 2955 1121 3000 aa
1139 2951 1200 3001 coll.
1217 2950 1267 3002 (ta-

149 3023 221 3072 suub.
232 3023 265 3071 sd
276 3020 347 3072 Suet.
360 3021 417 3071 Tib.
425 3016 487 3081 td),
500 3035 608 3069 ussum
619 3027 706 3068 autem
716 3019 734 3068 i.
747 3033 772 3082 q.
783 3019 910 3068 nnuicare
922 3015 1006 3081 (Gort.
1016 3020 1049 3068 ed
1056 3020 1153 3069 Lucan.
1166 3025 1190 3080 t,
1204 3014 1267 3081 bd),

150 3090 249 3140 Plinius
259 3089 372 3138 Varroni
383 3089 450 3137 hanc
461 3088 562 3137 laudem
575 3088 670 3148 tribuit,
683 3102 741 3137 eum
752 3089 939 3150 propemodum
950 3085 1072 3148 effecisse,
1083 3095 1113 3137 ut
1123 3088 1267 3152 inscriptio-

151 3171 196 3206 nes
216 3156 363 3207 sesculixes
384 3164 410 3206 et
429 3156 583 3207 Flextabulu
602 3157 742 3220 probentur
760 3162 787 3204 et
807 3155 932 3218 placeant.
955 3156 1007 3206 Res
1028 3164 1082 3205 eret
1100 3155 1199 3207 lubrica
1214 3163 1268 3207 tam

151 3239 231 3274 novas
243 3232 269 3273 et
280 3225 407 3274 inauditas
418 3224 489 3274 libris
501 3225 552 3274 suis
564 3225 740 3288 inscriptiones
751 3223 895 3286 imponere,
908 3224 953 3272 sed
963 3222 1047 3272 Varro
1059 3237 1090 3273 ea
1100 3225 1199 3275 atione
1216 3239 1269 3289 qua

151 3293 178 3340 in
189 3291 272 3342 sanna
284 3293 337 3342 suis
348 3292 406 3341 illas
415 3291 527 3342 defendit
536 3298 561 3341 et
570 3293 749 3355 interpretatus
761 3299 807 3351 est,
819 3291 841 3340 si
853 3304 907 3339 non
918 3305 1030 3354 prorsus,
1042 3299 1069 3341 at
1077 3307 1171 3356 magna
1182 3301 1268 3344 tamen

151 3374 185 3409 ex
195 3367 267 3422 parte
279 3375 322 3411 eas
332 3360 469 3409 nudavit
480 3367 506 3409 et
517 3361 550 3409 ab
562 3361 761 3409 obtrectatorum
772 3358 958 3422 vituperatione
969 3358 1089 3409 defendit

185 3424 254 3487 525.
273 3427 432 3487 bibliothecas,
448 3428 576 3477 Barbarus
594 3428 640 3476 bd.
659 3426 814 3488 bibliothecis,
832 3419 879 3477 ΔΡ
896 3423 1072 3489 (limbos)-
1082 3428 1189 3493 quiden,
1205 3429 1267 3479 Bar·

151 3496 228 3545 barus
245 3497 270 3546 d.
288 3495 394 3562 quidam,
411 3488 525 3545 bllP.-
538 3491 640 3555 Caesar,
664 3494 760 3544 omittit
776 3488 841 3544 Δ...
852 3495 969 3558 quoniam
987 3496 1268 3562 Manlau-propriae,

150 3563 297 3615 Dursndus
312 3580 382 3629 proc,
399 3565 416 3612 d
433 3557 574 3624 (Murbac.)
588 3579 646 3627 pre,
663 3563 694 3613 Τ.
709 3561 833 3627 publicae,
845 3557 969 3627 destr.
987 3562 1214 3625 vicedomnus,
1228 3569 1268 3614 14.

101 3748 107 3756 ,
154 3648 267 3759 ‘indie‘
273 3646 317 3750 lle
326 3715 378 3759 non,
388 3691 471 3748 ebul
475 3699 505 3748 Ρ.
518 3696 574 3749 Non
584 3715 627 3759 me,
638 3698 728 3749 Ambr.
734 3701 755 3749 Ι.
761 3701 796 3750 Π.
813 3699 858 3752 Me
869 3718 924 3751 uero
937 3718 989 3763 non,
1001 3700 1129 3751 Vallicell.
1141 3738 1166 3748 ..
1175 3697 1269 3759 nullae,

152 3766 217 3817 de
226 3763 329 3829 (Ambr.
339 3763 374 3826 1.)
383 3766 461 3828 ulum,
471 3759 540 3816 ιιΤΔ
549 3764 651 3828 (Ambr.
661 3764 710 3829 IL)
718 3807 744 3816 -
753 3769 851 3829 imitari,
860 3769 912 3818 Τὰ.
921 3808 947 3817 -
957 3786 1018 3830 mou,
1032 3760 1171 3818 adeth
1186 3763 1269 3828 (Mun

151 3829 333 3898 bau.)nos,dr.
342 3873 369 3882 ..
379 3834 423 3896 uel,
431 3850 452 3884 r.
462 3874 488 3883 ..
518 3833 772 3905 'nqendiflnqendiqrm
780 3836 908 3897 Gelenius,
913 3837 1037 3886 incertum
1047 3851 1079 3885 an
1088 3847 1103 3884 e
1111 3834 1185 3882 codd.
1191 3835 1269 3900 prinpi-

154 3916 208 3964 φο,
220 3895 358 3953 ubuTAP
370 3851 631 3968 (Murbecl'flnpiqru,
644 3903 733 3954 Ambr.
745 3905 766 3955 Ι.
779 3906 813 3953 11.
832 3904 935 3966 Ugolet.
947 3904 1045 3953 Ionian.
1058 3896 1181 3963 εἰκόνων,
1199 3903 1268 3953 Bhe-

153 3984 244 4020 nanus.
252 4012 280 4021 ..
290 3970 452 4031 audantes,
463 3970 493 4020 Ρ.
506 3971 647 4025 aunonbus,
659 3972 806 4021 Rhenanus.
814 4011 841 4018 -
851 3973 895 4032 bis,
908 3972 975 4020 abd.
988 3971 1033 4031 bic,
1044 3970 1075 4020 P.
1087 3969 1190 4021 Omittit
1201 3963 1230 4022 Δ.
1237 4010 1267 4021 ..

153 4037 301 4102 impendenti,
312 4039 343 4087 Ρ.
353 4077 379 4086 ..
389 4038 538 4102 inscripsisse
549 4048 580 4098 ut,
593 4031 709 4088 aded.
722 4039 922 4103 interscripsisset,
933 4039 964 4088 Τ.
974 4077 1001 4087 ..
1009 4047 1041 4099 ut,
1052 4039 1083 4089 Ρ.
1093 4078 1119 4087 ..
1127 4038 1268 4106 Palpeleuu,

154 4106 171 4155 b
183 4101 286 4167 (Ambr.
298 4107 319 4156 Ι.
332 4107 367 4156 Π.
379 4107 466 4156 Escor.
479 4107 499 4155 Ι.
512 4103 561 4167 11.)
572 4105 714 4171 Polyclytus,
727 4099 777 4154 dcl.
789 4105 927 4166 Policretus,
939 4105 969 4155 P.
981 4145 1006 4154 ..
1015 4107 1121 4171 artp'fieii,
1133 4109 1157 4156 d.
1167 4147 1195 4156 -
1203 4109 1267 4173 prtic-

155 4173 220 4237 quid,
232 4191 255 4223 a.
266 4213 292 4222 ..
302 4173 487 4233 desideraretur,
499 4168 590 4224 detl
594 4174 654 4223 ΤΚ.
668 4173 821 4235 desideretur,
833 4190 849 4224 a
861 4170 1001 4237 (Murbao.)
1012 4170 1042 4236 β

187 4239 258 4301 iti.
276 4241 544 4303 illudentium.
557 4241 618 4292 illud
628 4251 669 4304 est,
681 4235 756 4306 Δβγ.
774 4243 806 4292 In
823 4243 948 4293 siacum
960 4282 981 4292 -
995 4242 1064 4308 quod
1081 4237 1177 4296 trita
1189 4259 1266 4308 quana

154 4309 235 4360 ll¹bd
247 4306 389 4373 (Murbae.)
401 4309 502 4361 Omittit
512 4311 544 4360 Τ.
562 4311 593 4361 In
605 4326 621 4360 a
631 4311 730 4361 lacuna.
1189 4309 1191 4313 ’
