2888 4794
189 295 286 337 XXXII
655 291 845 337 rumano.

188 449 227 507 ad
255 445 305 522 12,
330 444 384 508 44.
410 442 490 529 52),
509 447 546 506 de
566 464 625 522 quo
644 465 711 507 cum
731 465 789 506 non
811 447 883 505 setis
903 451 1025 519 constet,
1052 447 1141 536 Plinii
1159 467 1198 509 en
1219 449 1312 513 Solini

189 558 283 618 codex
306 558 345 617 sit
362 556 584 634 intelligendus,
609 563 644 616 ut
662 563 760 615 temen
786 555 822 615 de
841 554 941 614 Plinio
966 557 1143 632 cogitemus,
1168 563 1312 638 posterior

168 670 272 751 ¹locus
293 668 372 727 lacit.
400 668 437 727 In
456 667 626 727 universum
648 685 720 726 vero
740 672 810 724 sunt
827 666 955 726 notendo
976 668 1049 726 haec
1063 666 1201 728 Salmasii
1214 690 1311 732 exerc.

187 798 218 856 p.
234 773 305 838 755.
320 780 427 838 verber
443 797 541 854 „quae
555 777 684 837 vidimus
698 776 880 853 exemplaria
893 777 1091 852 posteriorum
1109 778 1199 838 Plinii
1218 780 1311 851 libro-

185 907 263 961 rum,
277 887 565 948 recentiorefuere.”
815 888 822 895 '

227 1000 364 1060 Incertus
378 1001 495 1071 haereo,
510 998 582 1074 quid
596 999 690 1057 dicam
705 998 742 1056 de
756 1015 792 1056 eo
807 999 907 1057 codice
921 996 1027 1070 Plinii,
1043 1016 1131 1073 quem
1144 1001 1311 1062 Bodoeaeo

55 1066 61 1076 ἰ
185 1109 287 1187 Stupel
295 1109 326 1167 in
337 1109 462 1167 editione
473 1107 670 1186 Theophrasti
680 1108 817 1167 historiae
828 1108 996 1185 plantarum
1007 1127 1084 1168 anno
1097 1105 1190 1169 1644.
1202 1113 1312 1172 emissa

185 1219 434 1278 commemoravit.
462 1215 541 1277 Nam
556 1238 623 1277 cum
637 1217 794 1293 aliquoties
807 1218 962 1292 antiquum
975 1217 1066 1277 Plinii
1080 1219 1210 1279 codicem
1224 1205 1308 1280 comss

185 1339 329 1388 memoret
342 1322 387 1408 (p.
403 1324 455 1388 23.
470 1329 509 1387 ad
522 1329 602 1389 Plin.
619 1324 670 1401 16,
686 1323 769 1399 186,
784 1347 815 1405 p.
831 1323 882 1388 98.
898 1323 949 1386 99.
964 1327 1003 1385 ad
1017 1326 1095 1386 Plin.
1109 1325 1160 1401 13,
1173 1326 1225 1391 28.
1240 1326 1310 1412 29.)

185 1439 467 1516 cumqueVenetum
477 1438 554 1498 dicat
565 1432 610 1519 (p.
626 1434 677 1497 24.
692 1436 824 1522 66111116.
836 1433 887 1510 22,
905 1432 966 1511 97,
981 1456 1012 1515 p.
1025 1433 1097 1497 187.
1112 1435 1307 1514 adPlin.15,

187 1543 288 1630 134),
308 1550 378 1625 quin
404 1550 477 1608 adeo
502 1548 737 1624 antiquissimum
763 1546 911 1606 Venetum
936 1540 982 1626 (p.
1006 1543 1078 1607 184.
1099 1549 1137 1607 ad
1156 1547 1235 1609 Plin.
1257 1547 1309 1624 16,

186 1653 266 1740 oh),
281 1678 385 1719 rursus
399 1678 429 1737 p.
445 1655 517 1719 201.
534 1660 642 1717 diserte
658 1659 694 1716 de
714 1658 915 1733 antiquissima
933 1655 1050 1716 Veneto
1068 1657 1194 1717 editione
1212 1660 1308 1736 loqui·

185 1777 245 1842 tur,
260 1776 295 1828 ut
308 1770 434 1828 nesciam
449 1788 487 1828 an
500 1769 551 1828 ille
570 1769 664 1857 codex
685 1769 800 1846 saepius
820 1746 959 1827 laudatus
977 1787 1037 1827 non
1058 1769 1096 1827 sit
1115 1768 1250 1829 diversus
1270 1772 1309 1831 ab
1389 1770 1394 1781 '

184 1880 309 1939 editione
322 1879 454 1939 Venetos
495 1950 504 1959 ,

226 1992 334 2051 Postea
353 1993 405 2068 qui
422 1999 536 2069 partem
558 1999 636 2051 certe
654 1992 797 2050 naturalis
816 1991 956 2050 historiae
978 1991 1008 2050 in
1027 1991 1150 2065 editione
1168 1991 1305 2052 Leidensi

183 2103 256 2162 anni
271 2097 364 2160 1669.
380 2103 504 2177 egregiis
518 2102 657 2161 instruxit
670 2103 898 2173 commentariis,
913 2103 1035 2161 Ioannes
1045 2103 1216 2180 Fridericoe
1230 2101 1307 2162 Gro-

183 2216 293 2284 novius,
309 2211 363 2270 hos
378 2213 416 2269 ad
431 2212 653 2270 conscribendos
667 2218 782 2288 praeter
796 2211 977 2270 Vossianum
991 2208 1061 2288 (V),
1082 2213 1119 2270 de
1139 2229 1199 2286 quo
1217 2229 1307 2288 supra

184 2323 294 2382 dictum
309 2327 364 2393 est,
380 2329 519 2395 quattuor
533 2321 658 2379 eliorum
673 2321 803 2380 codicum
818 2321 963 2398 excerptis
979 2327 1025 2379 est
1038 2339 1120 2394 usus,
1136 2322 1307 2381 Academici

184 2426 245 2514 (δ),
260 2424 487 2507 Andegavensis
501 2424 565 2511 (b),
581 2428 711 2490 Gudiani
726 2427 781 2509 (ρ),
796 2431 966 2508 Menepieni
976 2424 1042 2511 (φ).
1054 2431 1105 2509 ‚Et
1115 2425 1306 2492 Academicos

182 2542 298 2618 quidem
309 2541 419 2600 Leidee
430 2550 562 2600 servatus
574 2559 685 2612 onmes,
697 2548 732 2599 ut
741 2541 867 2614 videtur,
879 2541 970 2600 libros
982 2542 1131 2614 continuit,
1147 2559 1214 2600 cum
1226 2539 1303 2600 Gro-

180 2654 285 2714 novius
300 2653 362 2711 eius
376 2652 547 2711 auctoritate
561 2660 591 2710 et
604 2652 643 2709 ad
655 2651 762 2710 librum
775 2638 848 2709 VII.
864 2657 893 2708 et
906 2651 946 2708 ad
958 2648 1114 2710 XXXVI.
1133 2657 1236 2710 utatur
1255 2647 1301 2730 (v.

182 2761 314 2825 Gtonov.
329 2764 367 2822 ad
380 2761 519 2822 XXXV.
535 2756 582 2844 8.)
588 2780 598 2833 ;
624 2761 849 2838 Andcpoo'cnsis,
868 2769 971 2837 postea
989 2752 1165 2834 Vossianus,
1185 2760 1244 2818 iam
1264 2761 1303 2818 ad

179 2873 287 2934 librum
307 2875 378 2945 XL,
403 2894 422 2932 e
441 2871 594 2932 Gronovio
618 2873 650 2930 in
675 2868 876 2944 „inserendis”
903 2872 941 2929 ed
965 2869 1057 2930 XXI.
1085 2867 1135 2929 12.
1154 2870 1301 2929 laudatur.
1328 2854 1332 2859 ⁵

178 2984 296 3044 Desinit
308 2983 370 3041 iere
384 3002 450 3042 cum
464 2983 522 3040 fine
535 2983 603 3040 libri
616 2981 755 3038 XXXII.
763 3000 772 3052 3
791 3001 821 3040 v.
838 2979 970 3041 Gronov.
986 2982 1025 3040 ed
1046 2981 1199 3040 XXVIII.
1216 3000 1241 3040 c.
1257 2976 1301 3052 6.,

179 3095 231 3169 qui
244 3111 368 3168 magnas
383 3092 496 3166 aliquot
508 3092 539 3149 in
554 3109 588 3149 eo
602 3091 722 3148 lacunas
742 3091 866 3163 notavit,
888 3108 994 3165 eosque
1013 3111 1032 3150 a
1052 3092 1109 3149 fine
1126 3092 1195 3150 libri
1208 3090 1300 3151 XXI.

179 3184 205 3262 c.
225 3198 275 3261 12.
297 3219 391 3277 usque
410 3202 448 3259 ad
467 3200 533 3258 libri
552 3197 659 3259 XXII.
680 3219 706 3258 c.
728 3196 779 3258 22.
786 3242 796 3271 ‚
816 3199 919 3259 deinde
937 3201 967 3258 in
985 3202 1053 3265 libri
1073 3199 1195 3259 XXIII.
1222 3218 1248 3258 c.
1265 3197 1299 3259 ⁴1.

178 3303 306 3393 (reliqua
320 3314 351 3369 in
365 3330 506 3370 coaemune
520 3313 650 3370 dicentur
663 3329 758 3386 usque
772 3311 810 3369 ed
824 3313 916 3371 verbu
930 3315 1018 3371 oculis
1033 3330 1143 3388 quoque
1156 3311 1204 3368 illo
1218 3312 1300 3368 modo

178 3406 404 3492 saluberrimum,
418 3429 485 3497 post
499 3440 574 3495 quae
589 3421 706 3498 quidem
720 3420 855 3485 librarius
874 3422 969 3479 denuo
992 3422 1117 3480 scribere
1135 3419 1277 3495 instituit)
1291 3439 1299 3491 3

177 3538 241 3589 tum
262 3530 417 3590 XXVIII.
440 3549 465 3589 e.
487 3529 523 3590 7.·
536 3533 612 3590 sistit
633 3534 703 3589 odor
719 3534 835 3606 pravior
857 3535 895 3590 eit
913 3542 945 3589 ut
960 3534 1010 3608 ple
1031 3531 1184 3604 usquead
1205 3549 1230 3588 c.
1247 3527 1298 3589 11.

177 3639 351 3702 contractum
370 3651 402 3698 ut
419 3644 565 3717 confertim
583 3644 740 3700 collocetur
760 3644 851 3708 vinee
872 3643 914 3699 sic
935 3642 1012 3698 enim
1032 3640 1186 3714 utrobique
1199 3639 1299 3700 hebet.

177 3753 290 3811 Iterum
310 3751 407 3808 deficit
425 3749 532 3827 XXX.
554 3769 579 3808 c.
602 3747 652 3808 12.
672 3753 769 3810 tubero
789 3762 815 3809 et
835 3734 1017 3826 quaecunque
1044 3753 1151 3809 molliri
1170 3770 1243 3828 opus
1262 3753 1301 3810 sit

178 3863 296 3937 efficacis
309 3878 403 3935 usque
417 3861 454 3918 ed
470 3879 495 3918 c.
512 3856 562 3919 13.
577 3863 667 3920 muris
686 3880 749 3920 com
770 3862 848 3918 melle
867 3870 918 3918 cut
938 3880 1003 3919 cum
1022 3863 1157 3919 omium
1172 3871 1299 3920 umene-

178 3991 243 4030 ram
258 3973 309 4046 qui
323 3982 349 4029 et
363 3990 428 4030 osea
443 3973 577 4030 cetroltt.
600 3970 706 4029 Denuo
720 3971 827 4028 lacuna
840 3969 861 4028 l.
885 3968 1008 4028 XXXI.
1029 3966 1059 4029 3.
1074 3972 1231 4048 fodiuntur
1248 3990 1299 4030 oe-

179 4082 291 4140 stoaria
306 4100 378 4158 quoe
396 4103 450 4158 pro
469 4101 564 4157 usque
583 4078 621 4140 a'd
637 4100 661 4139 c.
684 4075 713 4139 6.
726 4082 832 4158 fecisse
843 4090 910 4158 port
924 4083 1099 4141 consulatum
1113 4084 1299 4141 meminimus.

178 4189 243 4251 Nisi
264 4191 502 4262 omnia‘lellunt,
522 4193 599 4251 idem
618 4198 663 4250 est
684 4192 786 4262 codex,
802 4191 852 4264 qui
870 4192 990 4251 nuncin
1005 4193 1140 4268 catalogo
1154 4193 1298 4253 librorum
