2888 4794
589 304 779 347 ramnum.
1203 302 1250 345 vn

166 461 268 521 Codex
289 463 445 522 Vceeianae
460 453 523 540 (V)
537 457 646 516 Leidae
660 477 706 516 nr.
722 453 774 517 61.
795 457 905 517 Forma
918 457 1047 516 maxima
1060 457 1091 515 in
1105 459 1250 516 membra-

124 572 169 631 nis
189 572 264 631 binis
284 570 428 631 columnis
449 569 596 645 scriptus,
618 587 637 626 a
656 570 768 628 Ioanne
786 568 938 627 Friderico
957 565 1123 639 Gronovio,
1145 568 1197 641 qui
1215 584 1251 626 oo

123 682 235 759 primus
254 683 287 739 in
304 681 382 739 notis
402 681 464 738 suis
485 680 523 737 ad
541 676 673 738 Plinium
697 696 770 738 usus
792 685 852 751 est,
879 677 1063 737 venerandae
1087 677 1252 751 antiquitati

124 792 272 852 tribuitur.
293 788 429 849 Pertinet
450 809 469 848 a
487 784 539 848 20.
561 784 665 859 5186.
687 791 838 865 usquead
859 783 909 848 36.
926 791 941 857 5
957 783 1020 859 97,
1041 788 1093 845 sed
1112 788 1252 847 lacunam
1309 796 1317 805 '

123 903 213 962 habet
226 896 278 961 35.
298 905 313 970 i
330 894 518 959 176-194.
555 896 653 974 Culpa
672 899 784 958 librarii
801 898 913 958 iactum
933 905 989 969 est,
1010 906 1044 955 ut
1063 897 1135 955 satis
1156 897 1254 974 magni

123 1010 181 1071 loci
194 1006 248 1083 31,
266 1003 453 1069 118-131.
474 1003 688 1079 32,17-31.
711 1004 763 1080 33,
780 1003 924 1069 95-98.
940 1008 987 1067 bis
1006 1007 1037 1065 in
1050 1026 1086 1065 eo
1104 1007 1253 1081 legantur,

124 1122 234 1198 quibus
248 1120 285 1178 de
298 1118 516 1196 repetitionibus
530 1119 697 1178 accuratius
711 1119 847 1178 hocloco
865 1124 912 1177 est
929 1117 1087 1193 agendum,
1111 1133 1188 1189 curn,
1210 1115 1255 1175 uti

123 1229 204 1290 inira
217 1229 257 1287 ad
271 1229 401 1288 codicem
414 1228 640 1287 Riccardianum
655 1223 712 1308 (R)
727 1235 757 1286 ct
770 1228 938 1287 Parisinum
952 1228 972 1286 d
986 1233 1160 1302 exponetur,
1182 1227 1255 1285 eati

124 1339 237 1415 aliquid
262 1358 300 1398 ex
323 1339 382 1397 illis
408 1340 444 1397 de
470 1339 602 1397 codicum
627 1338 798 1414 cognatione
823 1338 922 1413 colligi
946 1337 1052 1414 possit.
1085 1334 1127 1393 Et
1150 1335 1254 1395 tertius

124 1449 243 1526 quidem
262 1448 345 1508 locus
364 1444 417 1520 33,
434 1444 570 1509 95..98.
589 1449 734 1526 repetitus
753 1448 862 1524 legitur
880 1466 957 1524 pone
977 1447 1069 1505 verba
1089 1465 1175 1523 qnam
1193 1434 1255 1504 rnoss'

124 1560 252 1637 lgbditirn
266 1561 282 1628 ξ
298 1553 370 1618 106.
390 1559 521 1618 εἰεεᾶειη
540 1559 608 1617 libri
626 1569 656 1618 et
674 1567 798 1636 apparet
817 1558 972 1617 librarium
990 1556 1154 1634 archetypi,
1174 1555 1255 1615 unde

125 1668 156 1728 V
180 1676 227 1728 est
250 1669 455 1745 transcriptus,
481 1687 565 1728 mero
589 1688 689 1728 errore
713 1669 799 1729 illum
828 1667 927 1726 locum
958 1668 1054 1725 denno
1073 1666 1254 1725 exaravisse.

125 1778 223 1838 Maior
243 1778 427 1855 perturbatio
452 1785 499 1839 est
521 1779 553 1838 in
577 1780 748 1857 repetitione
768 1779 901 1856 priorum
925 1777 1075 1848 locorum,
1101 1776 1140 1834 ad
1164 1793 1255 1851 quarn

124 1887 344 1964 intelligendam
362 1907 410 1947 res
430 1895 476 1946 εει
495 1889 584 1946 altius
603 1889 772 1965 repetenda.
799 1887 1002 1963 Incipiendum
1022 1903 1095 1943 vero
1116 1902 1135 1941 a
1157 1883 1255 1943 verbis

124 1991 178 2067 31,
195 1990 384 2055 118-131.
410 1996 462 2054 Sic
481 2006 508 2054 et
527 1999 701 2072 corporalium
719 1997 858 2055 marciban
877 2043 919 2055 ..
939 1996 1071 2069 redopere
1084 1992 1166 2070 Afri,
1187 1992 1254 2069 qni·

124 2106 181 2165 bus
199 2105 315 2164 duabus
338 2103 462 2182 syllabis
488 2105 606 2181 scriptis
630 2106 730 2163 statim
754 2113 918 2181 sequuntur
939 2099 1064 2178 32,17.
1092 2099 1254 2163 inserendis

121 2217 268 2294 praebent.
296 2217 333 2275 In
353 2216 491 2275 Stabiano
511 2264 553 2274 ...
572 2211 625 2287 32,
640 2211 692 2274 43.
712 2219 828 2293 saepiae
849 2234 914 2276 cera
935 2225 1082 2293 quantam.
1113 2213 1193 2274 Tum
1210 2212 1253 2273 le·

123 2335 234 2402 guntur
247 2322 300 2398 31,
317 2321 389 2385 131.
405 2344 478 2385 voce
490 2326 617 2402 abrupta
630 2343 735 2385 rursus
749 2334 901 2402 resumpta
917 2345 1005 2386 canae
1020 2346 1143 2402 quaram
1156 2343 1252 2400 usque

123 2436 162 2495 ad
174 2437 264 2495 finem
277 2435 345 2495 libri
360 2443 390 2494 et
403 2436 508 2494 ddude
521 2432 573 2508 32,
591 2431 706 2497 1-17.
721 2437 833 2497 hiantia
846 2438 987 2508 manibus,
1002 2455 1079 2512 quae
1092 2438 1252 2496 cohaerent

124 2564 190 2605 curn
208 2545 269 2605 illis
289 2548 449 2606 inserendis
465 2547 614 2623 praebent.
642 2545 723 2604 Tum
741 2556 820 2605 recte
841 2547 1008 2605 scribuntur
1021 2547 1114 2605 verba
1128 2541 1181 2617 32,
1196 2540 1249 2605 43.

123 2658 283 2731 veneficium
302 2653 335 2714 in
354 2659 508 2715 menatrnie
527 2703 569 2714 ...
587 2651 644 2728 32,
665 2650 716 2714 57.
732 2659 887 2731 pastinaca
906 2668 1006 2716 contra
1025 2676 1117 2728 raam,
1143 2655 1250 2731 quibua

125 2764 242 2824 demum
256 2766 347 2824 finitis
368 2766 495 2841 repetita
513 2764 654 2839 leguntur
668 2765 758 2822 verba
771 2760 824 2837 31,
842 2760 914 2823 118.
948 2764 999 2823 Sic
1026 2775 1052 2823 ct
1074 2768 1251 2840 carpentium

123 2867 232 2944 ..31,
249 2868 321 2931 131.
341 2876 473 2948 redegere
488 2872 570 2950 Afri,
585 2889 662 2948 quae
680 2891 772 2950 supra
790 2891 844 2932 suo
864 2874 931 2932 loco
944 2872 1042 2949 posita
1062 2872 1201 2943 vidimus,
1221 2879 1252 2930 et
1284 2910 1300 2931 a

122 2989 188 3041 tum
209 2977 330 3051 32,17.
349 2983 509 3051 ineerendia
524 2984 672 3059 praebent.
700 2985 737 3043 In
752 2984 889 3044 Stabiano
909 3030 952 3042 ..
971 2978 1024 3054 32,
1039 2977 1092 3041 31.
1110 2984 1250 3059 privatim

123 3099 224 3149 cantra
241 3091 358 3162 circam,
379 3109 455 3166 quae
475 3101 553 3151 certe
567 3093 674 3170 partim
687 3095 798 3171 pariter
812 3111 913 3171 supra,
929 3111 1108 3169 quamquam
1122 3110 1181 3150 non
1195 3110 1250 3151 suo

123 3199 200 3270 loco,
219 3205 345 3259 exstem.
376 3199 419 3258 Et
438 3219 546 3276 magna
565 3202 640 3260 haec
664 3204 851 3279 perturbatio·
871 3210 936 3262 orta
959 3210 1006 3262 est
1030 3202 1101 3262 folio
1118 3222 1178 3261 uno
1199 3209 1252 3263 aut

124 3310 240 3369 duobus
258 3311 366 3369 codicis
384 3311 535 3389 archetypi
554 3331 573 3370 a
593 3311 761 3387 bibliopega
788 3313 868 3371 male
887 3313 1068 3384 transiectis,
1096 3314 1174 3371 unde
1198 3313 1251 3371 ille

123 3418 226 3491 codex,
247 3421 300 3496 qui
318 3419 385 3479 iona
405 3430 451 3479 εει
468 3421 621 3479 habendus
636 3421 742 3480 codicis
755 3421 797 3492 V,
819 3430 864 3479 εει
883 3423 1091 3498 transcriptum
1112 3423 1250 3482 librariae

123 3529 242 3588 secundi
261 3530 370 3589 codicia
390 3548 490 3588 errore
509 3529 693 3606 deprehenso
711 3549 823 3589 novum
846 3549 977 3591 errorem
996 3533 1150 3605 commisit,
1171 3535 1251 3608 quod

123 3639 216 3699 verba
238 3658 299 3701 non
324 3640 442 3711 ombsa,
469 3641 521 3700 ssd
539 3641 627 3699 modo
648 3642 830 3717 transposita
852 3642 960 3701 iterum
989 3626 1116 3702 scribe're
1144 3643 1250 3717 coepit,

123 3747 177 3804 sed
202 3765 271 3806 curn
295 3750 413 3808 taudem
439 3750 564 3809 vidisset
582 3750 674 3810 verba
693 3750 746 3809 illa
764 3760 824 3812 non
844 3753 952 3812 omissa
972 3770 1051 3824 esse,
1077 3753 1109 3809 in
1128 3747 1180 3822 32,
1197 3746 1249 3810 31.

123 3855 253 3914 substitit
271 3874 368 3934 neque
387 3875 481 3935 usque
501 3860 539 3918 ad
554 3856 606 3932 32,
621 3855 674 3919 43.
695 3868 741 3919 εει
760 3879 947 3938 progressus.
970 3860 1111 3919 Omnium
1129 3861 1249 3921 illarum

122 3963 326 4039 repetitionum
351 3967 536 4026 diversitates
556 3970 717 4046 scriptume
736 3971 768 4027 in
789 3971 915 4028 editione
935 3988 1001 4027 mea
1024 3970 1110 4030 attuli
1133 3981 1249 4045 notatas

122 4074 222 4134 littera
245 4067 284 4132 Ψ.
315 4071 453 4134 Ceterum
475 4076 576 4147 codex,
598 4078 642 4135 nti
662 4079 722 4137 iam
741 4079 815 4139 vidit
836 4076 1016 4153 Gronovius,
1036 4079 1069 4139 in
1088 4090 1173 4160 parte
1194 4103 1249 4145 sna

123 4186 282 4262 superstite
295 4185 413 4263 optimis
427 4184 508 4246 libris
522 4192 568 4246 est
586 4186 834 4260 adnumerandus,
856 4207 1035 4269 quamquam
1053 4195 1154 4255 multis
1168 4196 1246 4255 vitiis
