2888 4794
595 272 785 317 Patauium.
1169 275 1253 318 xxm

129 427 196 489 Car.
211 428 294 488 Frid.
308 425 513 500 Naumannus,
533 427 752 503 numophylaeii
773 426 1007 486 vindobonensis
1034 429 1182 503 quondam
1204 448 1253 488 cu·

127 549 199 613 atos,
220 556 308 616 quam
323 538 509 597 collationem
529 537 599 595 satis
618 544 754 595 accurate
767 536 877 596 factam
892 535 1133 598 Christianus
1149 540 1253 598 Wal-

126 650 210 709 ziua
229 668 312 708 meua
331 667 386 708 sua
403 666 505 718 manu,
527 647 598 706 dum
612 646 806 706 Vindobonaa
820 648 859 706 ad
873 647 1121 709 luculentissimas
1133 647 1253 708 Pausa·

125 761 192 819 niae
210 768 241 819 et
263 759 415 818 rhetorum
431 756 614 817 Graecorum
627 759 769 816 editiones
784 758 970 816 instruendas
985 760 1174 831 versabatur,
1200 760 1253 818 de·

126 871 266 946 scriptam
290 870 368 928 dono
383 867 463 928 mihi
490 869 579 927 misit.
622 866 818 928 Paucissimis
846 869 877 926 in
905 868 978 927 locis
1007 870 1100 928 bonas
1128 869 1253 927 aliorum

127 980 258 1039 codicum
276 987 329 1037 aut
349 977 482 1037 lectionis
503 978 642 1054 vulgatae
663 974 680 1058 β
701 979 861 1054 scripturas
883 978 988 1051 refert,
1011 980 1105 1038 multo
1126 980 1255 1069 maxima

127 1107 182 1148 sua
202 1096 286 1164 parte
305 1089 385 1148 vitiis
403 1088 591 1147 librariorum
611 1097 642 1147 et
658 1088 929 1166 interpolationibus
949 1087 1095 1161 foedatus,
1116 1108 1135 1147 a
1156 1090 1255 1149 codice

125 1200 153 1258 P
172 1217 233 1257 non
252 1199 378 1257 multum
398 1199 520 1257 distans.
554 1199 598 1261 Ut
618 1205 716 1258 tamen
740 1199 829 1257 huius
853 1217 971 1276 quoque
996 1199 1103 1259 codicia
1127 1200 1254 1276 pretium

118 1317 360 1384 cognosceretur,
375 1311 438 1368 eius
452 1309 590 1368 lectiones
606 1309 738 1368 omittere
751 1309 843 1369 nolui.
911 1312 914 1317 ’

166 1419 233 1478 Iam
246 1420 458 1478 manaeundum
471 1420 510 1478 ed
524 1438 574 1479 eos
590 1420 715 1491 codices,
736 1419 786 1495 qui
804 1428 873 1489 ante
887 1419 963 1478 hanc
977 1419 1134 1479 editionem
1150 1438 1253 1511 susce-

124 1535 206 1605 ptam
219 1530 343 1605 inspecti
355 1537 385 1588 et
399 1529 501 1588 collati
515 1537 595 1588 sunt.
616 1529 734 1589 Horum
754 1531 806 1588 alii
824 1530 863 1588 ab
882 1528 948 1588 aliis
966 1530 1035 1588 viris
1054 1530 1148 1589 doctis
1166 1549 1252 1589 accu-

124 1639 227 1712 ratius,
241 1639 291 1698 alii
304 1639 498 1715 negligentius
513 1646 584 1698 sunt
597 1639 725 1711 tractati,
735 1639 823 1716 panai
836 1657 889 1716 per
903 1656 1004 1698 omnes
1018 1639 1120 1711 libros,
1134 1641 1253 1716 paucio·

125 1767 172 1807 rea
193 1750 246 1821 ita,
269 1756 303 1809 ut
317 1754 428 1808 certam
441 1749 571 1825 aliquam
585 1768 687 1808 eorum
700 1750 858 1825 imaginem
871 1750 957 1808 nobis
971 1750 1083 1824 fingere
1096 1750 1253 1826 possimus.

123 1857 170 1916 De
188 1859 345 1934 permultis
366 1877 405 1917 ne
419 1859 450 1917 id
464 1860 582 1935 quidam
596 1866 700 1917 notum
714 1867 769 1931 est,
791 1859 843 1918 ubi
863 1868 938 1929 tum,
959 1876 1026 1915 cum
1041 1859 1252 1931 tractabantur,

124 1969 186 2026 sint
199 1967 318 2038 servati,
336 1968 446 2024 nodum
459 1966 510 2025 ubi
529 1973 788 2037 nunciarentur,
808 1974 848 2037 et,
869 1965 949 2041 quod
964 1967 1092 2025 maxime
1104 1967 1135 2023 in
1149 1967 1252 2026 ecdici·

124 2079 183 2137 bus
197 2096 217 2135 a
230 2076 376 2148 Barbara,
394 2074 525 2147 Budaeo,
547 2074 683 2150 Galerio,
704 2076 790 2134 etiam
805 2074 952 2136 Salmasio
966 2077 1105 2154 inspectis
1119 2077 1253 2136 evenisse

124 2194 236 2264 potest,
265 2204 325 2245 non
343 2187 535 2263 improbabile
556 2196 602 2245 est
625 2187 746 2246 eoadem
771 2188 884 2246 codices
911 2189 949 2246 ab
970 2187 1038 2245 aliis
1064 2186 1137 2246 viris
1159 2187 1252 2247 doctis

83 2274 87 2282 ¹
124 2298 189 2357 aliis
203 2298 369 2357 nominibus
387 2316 454 2356 ease
473 2306 602 2371 notatos,
621 2297 662 2356 ita
680 2306 716 2357 ut
734 2298 864 2357 eiusdem
883 2298 990 2356 codicis
1009 2299 1175 2357 testimonio
1192 2299 1252 2357 ior·

122 2415 203 2465 tasse
216 2408 263 2466 bis
276 2414 361 2468 terve
374 2416 504 2468 utamur.
531 2409 614 2467 Leve
628 2418 728 2468 tamen
742 2408 910 2480 videbatur,
930 2410 968 2467 ob
988 2408 1044 2468 has
1059 2427 1164 2468 causas
1179 2426 1251 2468 eon·

122 2518 239 2598 iunctas
255 2519 305 2576 val
324 2519 412 2576 etiem
431 2524 521 2577 uuam
541 2537 644 2578 earnm
661 2519 729 2578 illos
750 2519 834 2578 oodd.
849 2536 971 2595 prorsus
989 2520 1141 2597 amittere;
1162 2519 1252 2577 simul

122 2628 312 2699 tutissimum,
334 2629 359 2686 si
378 2627 409 2686 in
428 2629 613 2687 recensendis
634 2629 698 2686 istis
713 2629 797 2687 libris
819 2635 930 2687 aetates
952 2628 1084 2687 virorum
1098 2629 1251 2688 doctorum

122 2737 174 2810 qui
192 2736 231 2796 iis
249 2738 296 2795 usi
317 2744 394 2796 aunt.
404 2754 551 2811 sequerer.
577 2737 618 2794 Et
637 2738 752 2812 primus
774 2737 893 2810 quidem
908 2737 947 2794 ad
962 2723 1057 2795 totum
1070 2737 1160 2796 Plinii
1175 2757 1250 2814 opus

122 2847 237 2904 codices
250 2847 467 2920 manuscriptos
482 2845 617 2914 adhibuit
629 2846 801 2904 Hermolaus
815 2846 978 2918 Barbarae,
994 2845 1033 2903 ad
1048 2845 1251 2920 castigandam

122 2957 279 3014 editionem
292 2955 456 3013 Romanam
471 2961 501 3012 et
513 2954 659 3014 Venetam
672 2955 715 3015 11.
729 2956 866 3033 plmibus
883 2955 1031 3024 codicibus
1044 2972 1133 3027 usus,
1148 2956 1179 3013 in
1192 2954 1250 3028 bia,

122 3064 166 3123 uti
186 3064 313 3135 videtur,
333 3062 526 3137 Florentinis,
543 3084 612 3124 cum
637 3074 715 3124 carte
737 3067 776 3125 ad
797 3062 854 3138 29,
876 3061 905 3125 6.
931 3074 1049 3126 vetusta
1072 3065 1252 3142 exemplaria

123 3183 345 3246 commemorat,
357 3193 497 3251 ¹quorum
518 3177 617 3252 ipsum
635 3177 987 3235 PolitianusFlorentiae
1005 3177 1119 3254 primus
1144 3177 1249 3235 admo-

121 3285 227 3357 nuerit,
246 3293 277 3343 et
293 3284 454 3343 Berberino
470 3281 553 3359 759,
576 3304 703 3361 quocum
723 3286 825 3346 eadem
847 3306 863 3343 e
884 3288 944 3346 suis
965 3287 1048 3345 libris
1067 3286 1153 3346 effert
1171 3276 1249 3345 Bar-

121 3395 214 3454 barus
228 3393 266 3454 ad
280 3389 310 3454 3.
327 3399 343 3465 ἕ
357 3392 410 3454 47.
438 3394 547 3455 Plures
567 3397 652 3455 codd.
667 3397 775 3454 diserte
794 3398 898 3454 laudat
911 3398 949 3454 ad
963 3393 995 3467 8,
1006 3394 1059 3457 48.
1076 3392 1126 3458 58.
1150 3393 1181 3469 9,
1197 3394 1248 3457 51.

125 3497 177 3575 10,
193 3499 245 3562 22.
273 3500 325 3575 16,
341 3499 394 3563 45.
419 3500 471 3578 33,
487 3501 518 3564 3.
536 3501 586 3564 10.
604 3500 654 3564 13.
681 3501 802 3578 35,17.
822 3507 900 3565 etin
921 3505 968 3564 hia
988 3509 1139 3585 exemplar
1158 3527 1249 3566 unum

120 3613 251 3672 lacerum
264 3621 353 3689 atqua
367 3615 573 3692 depravatum.
594 3613 710 3673 Multae
731 3632 840 3690 eaeque
860 3616 988 3693 optimae
1002 3616 1143 3677 lectiones
1158 3637 1196 3674 ex
1209 3617 1249 3674 iis
1269 3622 1273 3626 ’

120 3722 150 3781 in
164 3724 324 3782 orationem
338 3724 437 3796 Plinii,
451 3725 496 3783 uti
513 3725 710 3797 nunciantur,
725 3733 893 3799 manarunt,
912 3736 941 3785 at
958 3727 1109 3785 nonnullis
1127 3726 1157 3783 in
1176 3724 1249 3784 locis

121 3833 298 3893 salivarum
317 3833 491 3910 scripturam
510 3843 675 3909 servarunt,
700 3844 734 3893 ut
748 3832 801 3908 35,
816 3831 879 3908 45,
900 3836 953 3894 ubi
972 3837 1091 3912 banaiae
1111 3841 1190 3892 recte
1211 3852 1249 3894 ex

120 3941 157 3999 iia
177 3948 224 3999 est
243 3943 420 4016 restitutum,
447 3963 522 4020 cum,
535 3947 625 4004 ceteri
645 3946 729 4004 codd.
750 3946 846 4019 magis
871 3946 1005 4002 minusve
1025 3943 1083 4001 sint
1103 3947 1247 4023 corrupti3

120 4052 191 4110 item
210 4045 352 4122 35,142.
371 4053 428 4111 soli
447 4053 492 4111 illi
514 4072 582 4113 cum
602 4054 751 4112 codicibus
771 4051 888 4112 Gelenii
911 4054 983 4112 dant
1006 4057 1105 4116 sollers
1125 4058 1156 4115 ia
1175 4067 1246 4137 arte,

122 4163 202 4236 quod
222 4163 252 4222 in
273 4162 376 4223 ceteris
399 4163 534 4226 omnibus
559 4165 643 4224 codd.
662 4164 771 4241 partim
790 4163 912 4227 ridicule
936 4170 981 4224 est
1004 4166 1198 4246 depravatum
1219 4174 1248 4224 et
