2888 4794
154 239 218 305 364
507 253 712 304 sarnatus
734 254 931 304 msronmn

155 416 252 471 tunae
278 403 396 470 fluctus
423 405 534 492 agitat.
571 404 624 470 Ita
648 427 708 491 per
734 407 934 472 saeculorum
959 407 1061 487 milia,
1089 409 1287 476 incredibile

155 506 256 586 dictu,
278 529 358 594 gens
381 518 511 573 aeterna
532 518 591 586 cst,
613 508 733 592 inqua
754 531 848 574 nemo
869 510 1027 587 nascitur3
1055 520 1120 576 tam
1142 512 1290 604 fecunda

153 607 216 674 illis
238 608 373 674 aliorum
394 610 480 674 vitae
501 608 700 696 paenitentia
722 621 782 675 est.
811 610 903 675 Infra
923 611 983 676 hos
1004 611 1165 701 Engadda
1187 615 1288 701 oppi-

155 709 234 775 dum
255 710 327 789 fuit,
351 711 528 779 secundum
549 711 590 778 ab
604 711 838 796 Hierosolymis
860 712 1028 779 fertilitate
1049 715 1286 799 palmetorum-

154 832 219 895 que
233 812 428 891 nemoribus,
450 836 537 879 nunc
551 814 687 878 alterum
701 813 842 878 bustum.
864 813 946 879 Inde
961 813 1099 879 Masada
1115 815 1288 883 castellum

152 911 188 977 in
214 936 296 1000 rupe
325 925 357 980 et
382 915 490 1001 ipsum
516 915 602 979 haud
627 916 740 1000 procul
760 913 958 1000 Asphaltite.
980 915 1026 980 Et
1045 916 1204 982 hactenus
1225 916 1286 984 Iu·

154 1014 235 1081 daea
259 1027 318 1082 est.
381 1002 392 1023 ⁶

194 1114 325 1182 XVIII.
360 1119 411 1183 16.
441 1117 597 1207 Iungiturs
619 1118 648 1184 ci
674 1119 774 1185 latere
797 1117 912 1204 Syriae
934 1119 1169 1206 Decapolitana
1189 1122 1286 1208 regio
1301 1141 1332 1188 74

153 1239 174 1281 a
194 1239 328 1282 numero
349 1219 558 1304 oppidorum,
586 1220 621 1284 in
647 1223 803 1309 quossnon
829 1243 940 1287 omnes
963 1222 1075 1287 eadem
1097 1222 1286 1304 observant,

152 1318 293 1405 plurumi
315 1330 422 1386 tamen
438 1320 635 1386 Damascum
657 1345 699 1387 ex
721 1333 815 1408 epoto
836 1324 941 1411 riguis
963 1346 1056 1389 amne
1078 1318 1287 1409 Chrysorroa

153 1419 308 1500 fertilem,
330 1420 597 1508 Philadelphiam,
618 1421 840 1509 Rhaphanam,
865 1427 971 1490 omnia
991 1426 1026 1490 in
1046 1425 1208 1492 Arabiam
1229 1449 1284 1494 re-

154 1523 312 1603 cedentia,
336 1522 559 1612 Scythopolim
580 1527 690 1613 (antea
703 1525 829 1610 Nysam
848 1550 868 1591 a
885 1526 1007 1593 Libero
1021 1526 1130 1607 Patre,
1155 1531 1286 1614 sepulta

152 1628 277 1694 nutrice
290 1627 352 1712 ibi)
376 1625 509 1714 Scythis
532 1628 691 1708 deductis,
715 1625 847 1694 Gadara
863 1629 1049 1695 Hieromioe
1068 1630 1284 1716 praefluente,

153 1740 187 1795 et
207 1729 272 1796 iam
293 1731 416 1797 dictum
429 1730 575 1817 Hippon,
590 1730 688 1809 Dion,
703 1728 827 1797 Pellam
841 1733 933 1816 aquis
947 1732 1091 1810 divitem,
1113 1729 1284 1815 Galasam,

155 1828 345 1898 Canatham.
381 1832 600 1899 Intercursant
633 1833 829 1918 cinguntque
861 1834 920 1898 has
951 1833 1042 1899 urbis
1076 1835 1283 1915 tetrarchiae,

152 1957 326 2022 regnorum
346 1935 448 1998 instar
469 1920 633 2022 singulae,
662 1934 753 1999 etin
778 1957 881 2023 regna
907 1936 1167 2014 contribuuntur,
1197 1936 1285 2003 Tra-

152 2035 306 2115 chonitis,
338 2034 458 2101 Panias
486 2035 520 2099 in
549 2057 613 2119 qua
641 2031 803 2101 Caesarea
832 2059 906 2101 cum
935 2059 1035 2123 supra
1062 2036 1283 2124 dicto-'sonia

152 2136 263 2218 Abila,
285 2137 386 2216 Arca,
408 2137 630 2222 Ampeloessa,
654 2134 759 2203 Gabe.

195 2237 297 2303 XIX.
321 2241 372 2302 17.
394 2237 482 2304 Hinc
503 2238 705 2306 redeundum
727 2249 776 2305 est
797 2239 840 2303 ad
861 2261 951 2304 oram
971 2250 1068 2324 atque
1082 2239 1283 2308 Phoenicem
1299 2259 1330 2308 rs

153 2339 234 2407 Fuit
246 2339 401 2426 oppidum
417 2336 620 2416 Crocodilon,
644 2349 695 2404 est
715 2338 853 2418 flumen3
876 2341 1030 2407 memoria
1043 2341 1183 2422 urbium,
1207 2343 1283 2409 Do-

180 2549 283 2614 fluotos‚
299 2548 369 2599 Ra².
384 2545 516 2611 fluctibus,
528 2537 815 2607 nostrumnon
824 2544 945 2610 Salmas.)
963 2588 995 2598 ..
1018 2547 1104 2613 apitat.
1122 2547 1173 2610 Ita,
1192 2549 1283 2601 ΠΨ.

155 2617 213 2685 cpit.
230 2615 280 2678 Itu,
295 2615 434 2668 RDSTd.
453 2615 556 2680 apr'tata,
568 2616 596 2666 a¹
608 2611 694 2676 (codd.
706 2611 827 2677 Salmas.)
844 2615 933 2678 apitat,
944 2616 989 2667 N¹.
1003 2657 1035 2666 ..
1051 2614 1196 2677 incredibili,
1208 2618 1233 2667 d.
1248 2658 1284 2668 ..

154 2695 241 2747 tam,
260 2685 328 2736 Rob.
352 2725 384 2735 ..
399 2684 512 2748 secunda
531 2680 590 2744 illia,
610 2685 673 2733 a²d
697 2682 819 2746 formidat
836 2682 897 2744 iliis,
917 2684 959 2733 R²
979 2681 1071 2746 (Rob.)
1088 2681 1217 2748 secundat
1234 2685 1284 2748 ris,

153 2755 263 2807 R'Dal
277 2794 309 2803 ..
321 2752 379 2815 cita,
388 2752 455 2803 Rob.
468 2793 500 2802 ..
517 2749 635 2816 Epudda,
644 2764 667 2800 a.
684 2748 802 2814 Enpcda,
811 2751 933 2802 RDad2.
951 2749 1063 2817 Enpeda,
1074 2753 1112 2802 d'.
1130 2792 1163 2802 ..
1178 2750 1283 2816 palma-

155 2838 265 2887 rumque,
276 2820 322 2871 N1.
340 2861 373 2873 ..
391 2837 463 2886 rupa,
474 2821 525 2882 1⁸1²,
544 2819 608 2884 ripa,
620 2819 665 2871 ut
688 2859 721 2869 ..
739 2818 808 2870 laad
815 2819 902 2884 procul
912 2817 1060 2884 Asphaltite,
1072 2822 1146 2870 codd.
1159 2818 1251 2870 Galen.

187 2889 258 2951 §aa
275 2897 304 2950 et,
316 2889 381 2938 R¹a
395 2928 426 2938 ..
443 2885 734 2954 Dnapotitano,1t¹.‚
753 2903 778 2948 a,
789 2890 875 2939 R²a².
894 2887 983 2938 omitt
995 2888 1149 2939 B¹Da¹da
1168 2926 1201 2937 ..
1220 2904 1283 2952 qua,

153 2957 224 3009 Rob.
240 2998 272 3007 ..
287 2955 395 3021 plurimi,
407 2972 431 3006 a.
446 2954 587 3020 plurimam,
598 2948 738 3005 RODTc
758 2995 789 3004 -
807 2955 942 3015 Damasco,
954 2956 1007 3006 To.
1021 2996 1052 3004 ..
1071 2970 1102 3005 ea
1113 2962 1190 3020 epoto,
1201 2956 1283 3007 Voss.

154 3029 187 3077 ad
203 3026 265 3077 Mol.
282 3026 304 3075 L
323 3028 345 3075 7.
367 3032 392 3072 et
408 3031 487 3088 apoto,
502 3023 629 3073 RDTad
645 3019 750 3086 (optimi
766 3025 838 3072 codd.
856 3019 946 3084 Voss)
977 3031 1002 3071 et
1021 3016 1161 3088 Opoton,ss.
1185 3031 1284 3088 φοιοη,

155 3092 263 3145 Salmas
275 3106 358 3143 exerc.
371 3105 397 3154 p.
411 3096 468 3140 435.
481 3107 503 3140 a
517 3090 547 3141 O.
566 3131 598 3139 -
617 3089 705 3155 ripuir,
716 3091 771 3141 RD
778 3092 845 3141 Tad
856 3087 943 3152 (codd
955 3087 1077 3151 Sdmas.)
1095 3089 1191 3154 upana
1202 3085 1234 3152 β.
1247 3131 1285 3143 -

156 3156 275 3225 Glirpsoro
287 3176 326 3219 ac,
339 3161 363 3208 d.
382 3197 414 3207 ..
431 3157 567 3222 Raphana,
578 3159 611 3208 R.
629 3198 661 3207 -
679 3158 768 3217 omnia,
780 3174 830 3208 om.
842 3159 879 3207 d¹.
899 3199 930 3207 ..
948 3156 1095 3219 recedentia,
1106 3159 1195 3209 ΒΨ.
1214 3158 1287 3208 reia.

155 3226 271 3288 ridentia,
283 3227 393 3278 R'Dat
412 3225 551 3287 recidentia,
564 3227 639 3277 a²d¹.
653 3266 685 3275 -.
698 3223 873 3290 scythopolim,
885 3225 990 3276 RDad.
1008 3225 1082 3291 Scylla
1114 3224 1170 3286 alin,
1182 3220 1236 3290 ssy‘.
1249 3267 1286 3277 -

155 3293 236 3359 Nysa,
248 3308 272 3343 σ.
290 3335 323 3346 .,
341 3293 438 3360 Scythis
450 3293 560 3344 deductis
571 3309 639 3358 pone
652 3291 816 3358 Scyrtopotim
828 3295 938 3344 collocat
949 3295 1017 3345 Pint.
1030 3334 1062 3345 ..
1083 3244 1219 3353 beaddora,
1231 3289 1287 3355 σβ.

155 3405 187 3415 ..
205 3362 350 3424 Hieremiae,
362 3355 501 3413 Bonus.
520 3361 685 3424 Hieronicae,
697 3357 767 3425 asty.
784 3361 953 3422 Hieronicae,
965 3362 989 3413 N
996 3365 1013 3412 ².
1032 3360 1176 3421 Ileamiace,
1188 3362 1235 3412 Na
1248 3402 1286 3412 -

156 3430 270 3492 dunat
285 3435 325 3482 71.
343 3471 376 3481 ..
393 3427 495 3495 Hippon
505 3429 581 3492 Dion,
593 3431 669 3481 Dad
692 3429 843 3495 Hippodion,
854 3421 917 3480 lto.
938 3427 1025 3494 Hippo
1036 3429 1112 3489 Dion,
1124 3429 1231 3479 Barbar.
1250 3471 1286 3480 ..

158 3499 266 3562 Gaura,
277 3501 356 3550 Hard
383 3541 415 3549 ..
441 3497 589 3559 Canalicum,
600 3500 645 3548 ad.
674 3494 798 3558 Cmaatam,
810 3499 844 3547 D.
865 3494 997 3560 Capacum,
1008 3500 1040 3549 R„
1058 3515 1089 3547 ea
1100 3504 1193 3557 natam,
1205 3510 1231 3547 σ.
1251 3537 1288 3548 .-

156 3568 337 3628 Intercurrant‚
350 3584 372 3617 a¹
390 3566 612 3626 [praeparantia.
632 3605 664 3614 ..
682 3580 818 3630 reynerum,
830 3556 1011 3615 RODTaor.
1034 3564 1166 3628 reqionum,
1176 3559 1230 3628 βγ.
1251 3605 1288 3616 ...

156 3639 190 3699 in,
201 3639 244 3687 α’.
263 3635 483 3687 Omittamus.
502 3633 621 3684 Ceterum
637 3633 665 3683 iu
680 3633 806 3683 hocloco
822 3634 993 3696 corruptelam
1008 3634 1121 3696 aliquam
1137 3633 1221 3688 inesse
1237 3632 1288 3682 do-

156 3713 197 3757 cet
215 3704 337 3767 languida
354 3711 379 3752 et
390 3702 479 3752 debilis
489 3703 625 3752 verborum
637 3707 770 3753 structura¹
792 3701 849 3750 Iam
866 3715 925 3751 eum
936 3701 1050 3752 Plinium
1060 3701 1191 3749 videamus
1208 3699 1237 3749 in
1252 3701 1289 3751 il-

155 3773 202 3824 lud
212 3772 371 3837 potissimum
382 3772 435 3820 vim
447 3769 568 3819 orationis
579 3768 725 3828 intendisse,
734 3769 882 3819 terarchias
893 3769 951 3818 illas
959 3776 1044 3819 tantas
1060 3767 1163 3830 quidem
1178 3780 1245 3828 esse,
1257 3778 1292 3820 ut

157 3842 227 3905 ipsas
241 3855 288 3905 pro
306 3839 390 3902 regnis
406 3838 496 3888 haberi
512 3836 624 3901 possint,
641 3838 743 3887 easdem
758 3843 844 3886 tamen
860 3837 917 3885 aliis
928 3837 1012 3899 regnis
1025 3835 1135 3894 attribui,
1147 3849 1208 3885 eum
1219 3835 1291 3886 baec

156 3908 210 3959 lere
224 3908 354 3972 scripsisse
370 3906 489 3956 conficio:
512 3920 576 3968 quae
592 3919 719 3969 reynerum
735 3903 814 3954 instar
830 3901 941 3970 sirrqulae
956 3903 982 3952 in
999 3919 1078 3967 repna
1092 3900 1291 3954 marcipantur.

158 3976 259 4029 Omisso
271 3991 316 4040 per
327 3990 415 4025 casum
425 3974 537 4037 aliquem
547 3973 698 4037 pronomine
708 3972 814 4022 relativo
826 3971 901 4022 facila
912 3972 1007 4022 intrudi
1018 3976 1119 4034 poterat
1135 3970 1239 4033 copula.
1254 4012 1290 4022 -

158 4060 238 4110 repro,
249 4047 286 4094 α’.
304 4083 336 4092 .-
358 4041 524 4103 Trachonitis,
535 4041 590 4120 Da.
613 4039 760 4103 Traconitia,
772 4040 825 4117 Rq.
848 4038 873 4089 Τ
869 4039 996 4120 amandes,
1008 4041 1033 4088 d.
1046 4077 1078 4088 ...
1088 4035 1203 4117 ,P‘ffm'ffls
1214 4038 1290 4090 Pint.

157 4110 370 4239 gffbqlal'qpaas,
382 4104 483 4174 Dassr.
505 4149 533 4158 ..
554 4106 619 4160 dicto
630 4111 645 4173 ς
657 4111 698 4160 71.
718 4149 749 4157 ..
767 4105 852 4169 Atria,
862 4106 1233 4172 vrd.10seph.anuqu1a4‚t.
1255 4147 1291 4157 -

193 4247 260 4310 §la
278 4244 327 4308 Int,
338 4246 382 4296 R'.
403 4287 433 4295 ..
451 4245 585 4297 Phoenicen
598 4244 624 4295 ia
636 4244 751 4309 qaafait,
762 4244 795 4295 K.
822 4284 854 4293 ..
882 4241 1000 4309 oppidum,
1013 4243 1087 4294 ltac.
1113 4237 1211 4305 oppido,
1223 4240 1293 4294 ΒΤ.
