2888 4794
173 276 253 318 xmv
641 273 832 319 ruaurnrlo.

173 403 338 512 subsidium
357 427 448 506 vulgo
466 425 607 488 dicautur.
632 424 738 504 Neque
758 445 815 505 ego
835 426 968 489 laborem
986 427 1075 489 toedii
1094 428 1299 507 plenissimum

173 539 380 612 reformidavi,
410 538 567 614 quominus
591 536 740 598 Vincentii
768 538 922 616 speculum
950 539 1086 598 naturale
1110 558 1149 599 ex
1172 540 1302 601 editione

173 649 303 728 principe
316 647 477 708 Menteline
488 647 559 707 anni
574 642 680 721 1476,
699 666 759 725 que
778 648 843 707 sole
860 648 899 708 ed
912 666 999 708 usum
1013 648 1146 709 criticum
1160 649 1204 709 uti
1217 649 1298 723 licet,

174 777 231 837 per
251 765 317 818 octo
341 758 432 817 libros
451 757 565 834 priores
584 775 652 817 cum
669 754 767 817 Plinio
792 757 956 818 conferrem
980 758 1137 835 variaeque
1160 759 1301 818 lectiones

173 867 242 927 inde
255 875 408 944 excerptas
421 867 547 942 margini
560 867 688 944 exempli
701 867 760 926 mei
781 868 988 928 adscriberem.
1014 869 1182 928 Proventus
1202 868 1302 928 veria-

173 995 241 1038 rum
259 977 418 1037 lectionum
437 995 509 1036 saue
526 976 628 1054 ingens
649 983 729 1050 erat,
754 977 867 1040 fructus
889 986 987 1038 autem
1011 997 1154 1055 perquam
1177 978 1303 1056 exiguus

174 1096 237 1162 aut,
256 1088 284 1147 si
302 1105 408 1147 verum
431 1087 535 1146 dicere
548 1087 698 1160 volumus,
719 1088 830 1148 nullus.
862 1090 945 1151 Usus
959 1088 1035 1147 enim
1055 1078 1102 1147 cst
1116 1087 1303 1161 Vincentius,

176 1197 227 1275 qui
244 1196 340 1256 medio
357 1195 475 1257 saeculo
496 1195 587 1256 ΧΙΠ.
607 1215 682 1274 opus
702 1215 788 1258 suum
807 1198 989 1276 conseripsit,
1007 1195 1099 1256 Plinii
1117 1197 1217 1257 codice
1235 1215 1304 1256 cor·

175 1307 363 1384 ruptiseimo,
390 1305 491 1366 multis
516 1307 590 1366 locis
612 1308 790 1384 interpolato
812 1306 857 1386 (id
881 1308 961 1384 quod
986 1307 1046 1366 iam
1065 1327 1103 1366 ex
1123 1306 1239 1366 duabus
1258 1307 1305 1365 le·

177 1416 320 1480 ctiombus
344 1415 400 1475 eibi
422 1416 564 1493 oppositis
584 1424 679 1496 patet,
698 1419 744 1477 uti
763 1413 795 1492 2,
813 1412 894 1478 193..
903 1422 1054 1496 fremente,
1073 1419 1149 1477 oliuo
1162 1420 1304 1495 fervente,

177 1521 231 1599 33,
247 1521 319 1587 129.
339 1528 494 1604 acceptio
514 1530 558 1587 vel
576 1529 715 1605 copulate,
739 1522 882 1602 36,165.
898 1528 1073 1606 peroenices,
1093 1527 1169 1586 alae
1185 1535 1305 1603 puster-

177 1638 265 1710 aicee,
285 1629 337 1709 37,
349 1628 405 1697 89.
419 1637 600 1714 intepuere·
615 1639 659 1697 ccl
676 1631 1144 1716 interpolari„37,120.cpcoei,
1163 1637 1239 1696 uleus
1256 1653 1306 1695 re·

178 1739 272 1827 saut),
292 1746 402 1805 multas
415 1764 511 1805 novas
523 1747 663 1806 lectiones
677 1748 781 1821 males,
800 1748 892 1806 bonas
906 1753 936 1806 et
949 1747 988 1806 ab
1003 1745 1152 1806 codicibus
1165 1745 1231 1804 aliis
1244 1762 1305 1803 non

178 1858 385 1935 comprobatas
403 1855 503 1945 nullas
523 1856 687 1931 exhibente,
708 1864 738 1916 ct
754 1865 911 1935 praetcrea
931 1861 1028 1916 tantas
1047 1856 1080 1914 in
1098 1854 1195 1914 verbis
1214 1852 1307 1913 Plinii

177 1952 354 2026 mutationes
368 1966 425 2027 sibi
438 1966 570 2041 indulsit,
592 1975 627 2026 ut
643 1966 702 2026 iam
720 1969 778 2027 hac
796 1986 835 2026 ex
849 1984 938 2027 causa
951 1966 1111 2026 auotoritas
1126 1965 1191 2024 eius
1206 1964 1308 2024 critica

177 2076 240 2136 iere
253 2093 376 2154 prorsus
390 2077 430 2135 sit
443 2077 616 2153 spernenda.
643 2075 759 2153 Neque,
781 2085 864 2155 puto,
884 2077 940 2136 viri
954 2076 1033 2136 docti
1046 2093 1113 2134 eum
1127 2075 1202 2134 tenti
1221 2072 1308 2133 iecis-

179 2194 256 2262 sent,
270 2187 298 2244 si
311 2183 431 2262 cognita
443 2185 624 2260 habuissent,
644 2204 719 2261 quee
733 2188 796 2264 ipse
809 2164 985 2246 Vincentius
1003 2187 1034 2245 in
1052 2185 1175 2263 prologo
1193 2183 1308 2262 smculi

180 2293 340 2381 bistorialis
352 2290 403 2354 10.
418 2296 455 2352 de
468 2295 582 2355 ratione
595 2297 770 2373 excerpendi
783 2297 940 2375 scriptores
954 2303 1071 2356 veteres
1085 2303 1131 2354 est
1144 2292 1307 2355 confessus.
1347 2328 1350 2333 ·

179 2404 260 2464 Dicit
278 2404 369 2485 enim}
398 2401 473 2477 „Sic
493 2423 559 2482 ego,
581 2406 649 2465 licet
662 2406 757 2466 omnis
770 2425 876 2466 revera
894 2407 1039 2478 mendacii
1057 2406 1234 2476 detestator,
1254 2418 1310 2462 uec

181 2514 318 2592 propriae
338 2498 457 2591 quidem
475 2515 668 2576 conscientiae
688 2517 808 2592 stimulo
828 2518 1021 2590 remordente,
1044 2534 1101 2575 nec
1117 2514 1241 2575 istorum
1258 2531 1309 2573 os·

173 2625 488 2703 'lumniardeterrente
515 2632 545 2684 et
563 2626 601 2685 de
619 2621 752 2687 flosculis
772 2626 943 2687 Aristotelis
963 2633 993 2685 et
1011 2628 1046 2686 de
1065 2627 1166 2687 ceteris
1185 2643 1256 2703 paca
1276 2626 1308 2683 ia

181 2735 233 2795 boc
254 2754 337 2813 opere
353 2755 409 2814 per
430 2738 545 2798 diverso
562 2733 691 2817 capitulo
712 2740 869 2798 interciet
889 2736 1018 2815 propriis
1034 2744 1193 2801 auctorum
1212 2734 1310 2795 nomi-

182 2844 269 2905 nibus
288 2847 444 2918 auuotevi3
465 2853 495 2905 et
513 2848 539 2906 si
558 2847 684 2907 forsitan
701 2867 740 2907 ex
757 2848 857 2924 aliqua
876 2865 1031 2907 causarum
1050 2846 1265 2923 praedictarum
1278 2842 1310 2901 iu

183 2955 331 3033 plerisque
351 2956 423 3015 locis
441 2955 554 3031 aliquid
571 2952 790 3032 immutaverim
809 2959 846 3016 de
866 2957 1021 3034 superficie
1042 2955 1092 3016 vel
1114 2955 1215 3015 ordine
1238 2971 1309 3012 ver-

182 3059 341 3146 borum>*),
362 3066 500 3125 audacter
519 3047 619 3125 tamen
637 3075 667 3125 et
684 3067 810 3127 scribam
825 3076 855 3125 et
873 3069 971 3126 dicem
991 3066 1068 3132 hanc
1083 3067 1131 3126 vel
1143 3065 1228 3124 illam
1241 3081 1310 3123 sen·

183 3175 305 3234 mutiam
328 3173 411 3234 illius
435 3176 561 3235 auctoris
585 3194 668 3249 esse,
695 3177 779 3236 cuius
798 3177 908 3236 scilicet
925 3195 1033 3237 nomeu
1050 3176 1081 3236 in
1104 3173 1191 3232 titulo
1216 3171 1311 3231 conti·

183 3279 302 3345 netur.'’
324 3284 416 3344 Recte
427 3285 518 3362 igitur
532 3285 737 3347 Beckmcnnus
751 3287 782 3345 in
795 3286 873 3346 libro
886 3287 1044 3364 inscripto:
1065 3282 1189 3348 Vorrctl
1203 3281 1312 3340 hlaine·

183 3393 413 3474 Aomerlcunpeu
435 3395 475 3456 Τ.
488 3396 531 3456 Π.
549 3416 580 3475 p.
595 3392 669 3458 368.
689 3397 720 3457 in
733 3396 897 3458 Vincentio*
910 3396 1020 3456 utendo
1041 3409 1187 3456 summam
1200 3389 1314 3450 cautio·

184 3524 252 3566 nem
266 3507 372 3566 criticis
387 3508 612 3582 commendavit,
634 3526 727 3584 eoque
744 3509 843 3568 minus
862 3527 917 3585 ego
935 3506 1081 3566 inlabere
1093 3504 1146 3563 illo
1160 3500 1233 3560 mihi
1246 3519 1313 3578 pcr-

185 3618 315 3693 gendum
333 3634 399 3677 esse
415 3620 571 3694 putabam,
591 3636 651 3693 quo
670 3618 813 3678 minorem
832 3618 988 3678 utilitatem
1009 3616 1164 3676 habiturus
1182 3629 1249 3671 csse
1268 3610 1314 3670 vi·

185 3729 319 3803 debetur,
342 3728 399 3789 nisi
413 3728 509 3789 omnia
522 3737 662 3807 excerpta
675 3728 729 3787 illa
744 3727 951 3789 commentario
965 3745 1032 3786 meo
1045 3725 1216 3794 insererem,
1236 3719 1315 3797 quod

220 3927 247 3992 *)
269 3931 422 3997 Saepissime
438 3932 490 3982 boc
510 3929 608 3982 iactum
624 3943 679 3980 esse
695 3929 748 3999 iem
764 3929 824 3980 inde
840 3930 969 3990 docemur,
992 3928 1062 3992 quod
1084 3927 1111 3977 in
1128 3926 1220 3977 iisdem
1236 3922 1316 3975 Plinii

186 4014 268 4065 verbis
290 4015 324 4065 ob
346 4022 426 4066 certas
448 4029 537 4066 caueae
554 4032 570 4066 a
586 4014 724 4066 Vincentio
747 4013 849 4066 diversis
870 4013 935 4064 locis
956 4012 995 4064 bis
1017 4019 1087 4062 torve
1103 4010 1192 4077 positis
1209 4023 1315 4074 magnas

187 4101 258 4151 baud
274 4113 331 4150 roro
350 4088 506 4154 diversitates
523 4101 742 4167 deprehendimus,
765 4115 831 4166 quae
852 4100 896 4151 uui
913 4099 952 4149 illi
969 4089 1121 4150 immutandi
1138 4095 1257 4153 licentiae
1273 4107 1315 4145 ao-

189 4191 277 4250 coptue
293 4182 443 4236 referuntur.
