2888 4794
187 283 227 344 32
534 299 737 346 naruannrs
760 300 956 347 moronus

187 452 260 537 pico
281 449 409 515 Martio.
448 449 501 514 De
528 449 578 514 his
608 454 723 534 quae¹⁰
746 475 846 518 uncos
868 452 986 540 unguis
1014 450 1142 517 habent.
1181 453 1232 518 De
1255 454 1305 518 his

188 576 269 637 quae
292 554 409 641 digitos
429 552 591 618 habent11.
621 553 674 618 De
696 555 892 640 pavonibus;
917 556 988 638 quis
1009 555 1148 639 primum
1159 557 1182 595 ¹²
1203 577 1305 640 pavo-

187 680 261 721 nem
291 657 354 721 cibi
384 678 480 721 causa
509 655 712 734 occiderit133
751 658 822 740 quis
854 657 1001 721 farcirs¹⁴
1031 656 1215 720 instituerit.
1251 656 1306 722 De

186 759 385 844 gallinaceis3
417 758 575 841 quomodo
605 769 784 822 castrentur
791 784 800 835 3
829 759 869 823 de
896 759 1071 844 gallinaceo
1093 759 1208 824 locuto.
1252 758 1306 823 De

185 860 365 946 palmipede
394 860 516 944 reliquo
545 864 707 944 generem.
750 859 805 924 De
833 882 961 937 ansere3
992 860 1063 943 quis
1091 861 1230 945 primum
1256 862 1305 926 io-

186 963 276 1026 cur¹6
298 961 479 1025 anserinum
498 961 670 1026 instituerit
680 964 713 1025 ¹⁷.
735 959 789 1027 De
805 959 1031 1049 Commageno.
1056 959 1304 1048 Chenalopeces.

187 1059 394 1127 Chenerotes.
432 1062 651 1126 Tetranesu
690 1060 816 1128 Otides.
855 1060 972 1128 Grues.
1005 1063 1058 1127 De
1079 1064 1219 1129 ciconiis.
1251 1051 1305 1129 De

185 1164 333 1230 oloribus.
377 1163 430 1228 De
459 1163 572 1228 avibus
600 1165 779 1250 peregrinis
808 1187 889 1248 quae
917 1163 1058 1228 veniunt.
1105 1162 1303 1230 Coturnicss.

186 1261 357 1331 Glottides.
389 1261 597 1349 Cychramus.
628 1263 723 1330 Otus.
753 1265 806 1330 De
828 1265 941 1330 avibus
962 1266 1079 1330 nostris
1101 1288 1183 1350 quae
1199 1265 1304 1330 disce·

186 1366 267 1430 dunt
282 1377 314 1430 et
329 1389 392 1450 quo
407 1366 522 1430 abeant
531 1369 564 1429 ¹⁹.
593 1366 835 1431 Hirundinesw.
863 1367 975 1432 Turdi.
999 1364 1156 1431 Merulae.
1180 1364 1302 1432 Sturni.

184 1468 238 1532 De
267 1469 379 1533 avibus
409 1490 490 1551 quae
519 1468 644 1554 plumas
673 1469 822 1533 amittunt
848 1470 881 1533 in
907 1469 1127 1534 occultatione.
1171 1468 1302 1534 Turtur.

184 1570 349 1636 Palumbis
358 1574 392 1641 ²}-
417 1567 609 1634 Sturnorum
620 1580 656 1634 ⁴et
670 1570 876 1635 hirundinum
890 1572 1015 1638 volatus
1025 1575 1059 1636 Ὦ.
1088 1569 1182 1652 Quae
1197 1574 1304 1635 avium

184 1695 351 1764 perennes,
376 1695 458 1757 quae
481 1683 659 1750 semestres,
683 1695 765 1756 quae
788 1674 973 1738 trimestres.
1002 1670 1134 1760 Galguli
1143 1676 1177 1738 ²³.
1207 1671 1303 1759 Upu-

184 1798 254 1860 pae.
284 1775 517 1840 Memnonides.
541 1772 767 1860 Meleagridcs.
792 1771 988 1839 Seleucides.
1011 1775 1089 1840 Ibis.
1120 1773 1215 1856 Quae
1230 1776 1302 1860 qui-

183 1877 245 1942 bus
266 1879 344 1942 locis
366 1901 441 1943 aves
462 1871 526 1943 non
548 1878 621 1941 sint.
661 1876 753 1957 Quae
780 1881 906 1941 mutent
934 1879 1071 1943 colorem
1093 1888 1126 1942 et
1146 1900 1258 1943 vocem
1266 1881 1301 1941 2⁴.

183 1979 236 2046 De
258 1981 401 2046 oscinum
422 2002 540 2066 genere
549 1982 583 2043 ²⁵.
617 1979 670 2045 De
692 1979 843 2044 lusciniis.
876 1979 929 2044 De
951 1979 1215 2066 melancoryphis,
1239 1980 1302 2043 eri·

185 2081 329 2165 thacisffi,
362 2081 574 2168 phoenicuris.
617 2078 796 2145 Oenanthe.
840 2078 978 2146 Chlorio.
1021 2081 1164 2168 Tempus
1196 2081 1303 2145 avium

184 2184 361 2268 geniturae.
405 2183 587 2268 Alcyones3
618 2183 687 2246 dies
715 2205 824 2246 earum
850 2182 1056 2269 navigabiles.
1100 2184 1153 2249 De
1180 2184 1303 2267 reliquo

184 2285 402 2369 aquaticarum
411 2287 435 2325 ²⁷
457 2305 584 2369 genere.
623 2280 803 2349 Sollertiae
825 2284 933 2348 avium
953 2285 987 2348 in
1008 2284 1103 2349 nidis.
1143 2284 1302 2349 Hinmdi-

111 2469 120 2475 ῃ
184 2409 262 2451 num
283 2409 380 2474 opera
399 2386 488 2449 mira.
519 2383 679 2470 Ripariae.
709 2384 954 2470 Acanthyllisll.
984 2384 1126 2473 Merops.
1152 2384 1207 2451 De
1227 2408 1302 2472 per·
1349 2368 1354 2380 ¹

185 2488 319 2553 dicibus.
349 2488 402 2554 De
424 2486 593 2564 columbis3
617 2509 714 2572 opera
736 2508 845 2551 earum
866 2488 1023 2555 mirabilia
1037 2499 1069 2554 et
1082 2489 1194 2575 pretia.
1224 2486 1302 2552 Dif-

185 2590 338 2655 ferentiae
360 2591 484 2658 volatus
507 2590 614 2653 avium
623 2592 647 2630 ³⁰
669 2599 702 2653 et
722 2589 874 2654 incessus.
902 2589 1036 2677 Apodes
1052 2591 1120 2656 sive
1135 2590 1256 2676 cypseli
1265 2591 1299 2654 ³¹.

181 2692 235 2758 De
264 2703 359 2780 pastu
385 2693 501 2757 avium.
540 2686 749 2778 Caprimulgi.
786 2690 908 2757 Platea.¹
944 2692 998 2758 De
1024 2693 1163 2779 ingeniis
1183 2691 1300 2756 avium.

184 2792 361 2860 Carduelis.
390 2793 526 2859 Taurus.
555 2793 695 2857 Anthus.
717 2793 771 2858 De
786 2793 899 2860 avibus
914 2816 996 2878 quae
1009 2795 1190 2879 loquentur.
1212 2791 1300 2858 Psit-

96 2964 100 2969 ,
183 2899 254 2963 teci.
277 2896 374 2961 Picae
396 2896 573 2981 glandares.
596 2893 733 2981 Propter
755 2917 882 2961 corvom
901 2897 1085 2980 loquentem
1107 2895 1220 2960 seditio
1239 2917 1298 2981 po-

181 2999 250 3084 puli
270 2998 431 3064 Romani..
452 2995 660 3063 Diomedeae.
699 2994 792 3077 Quae
814 2997 962 3064 animalia
980 2999 1059 3063 nihil
1080 2998 1213 3063 discant.
1245 2995 1299 3062 De

181 3109 261 3185 potu
292 3095 409 3163 avium.
458 3097 511 3161 De
544 3096 767 3183 porphyrione.
811 3097 1076 3186 Himantopodes.
1119 3097 1172 3164 De
1204 3110 1300 3185 pastu

181 3201 298 3266 avium.
330 3198 524 3265 Onocrotali.
553 3197 606 3265 De
628 3200 805 3287 peregrinis
826 3200 949 3266 avibus.
980 3201 1175 3266 Phalerides.
1210 3200 1297 3265 Pha-

216 3381 255 3426 10.
275 3391 345 3438 quoe,
358 3390 380 3423 a.
400 3374 449 3437 qai,
461 3375 542 3424 RTd.
579 3381 618 3424 11.
634 3375 675 3425 De
686 3375 723 3425 bis
736 3391 799 3439 quoe
811 3371 874 3439 (qui,
889 3374 934 3439 R.)
953 3375 1038 3441 dipitos
1054 3378 1146 3439 baberet,
1157 3379 1207 3428 Ra
1225 3378 1258 3427 In
1273 3379 1297 3428 Τ

179 3458 288 3492 vacuum
299 3443 421 3506 spatium3
435 3443 529 3492 omittit
538 3445 561 3492 d.
581 3450 620 3493 12.
630 3444 731 3508 primus,
741 3461 763 3493 a.
784 3449 822 3493 13.
835 3444 966 3503 comederit,
975 3460 995 3492 r.
1016 3450 1054 3494 14.
1068 3444 1297 3510 Quis-primusfar·

179 3512 235 3572 cire,
245 3513 275 3562 R.
290 3517 329 3560 15.
338 3509 378 3559 De
384 3510 520 3575 palmipede
529 3511 621 3575 reliquo
629 3529 720 3578 penore,
730 3513 781 3560 Td.
790 3513 863 3563 Pone
871 3512 967 3562 ciconiis
976 3513 1105 3563 collocant
1113 3516 1164 3564 aa.
1179 3519 1217 3565 16.
1224 3515 1297 3576 icem,

179 3597 201 3630 a.
222 3583 261 3630 17.
275 3579 408 3638 instituerit,
420 3578 455 3627 ita
467 3594 515 3628 nos
527 3580 679 3642 scripsimus.
692 3579 796 3640 instituit,
809 3581 882 3629 codd.
907 3581 1189 3642 18.tetraones,R²Td.
1202 3590 1296 3632 tetralo-
1389 3598 1394 3609 “

178 3666 227 3710 aes,
240 3665 262 3697 a.
276 3647 408 3708 tetraiones,
421 3648 445 3696 R
453 3648 469 3694 ¹.
494 3652 533 3696 19.
545 3646 585 3696 De
598 3648 684 3696 abbas
696 3647 920 3708 nostris-abeant,
933 3649 1027 3697 omittit
1039 3665 1061 3698 a.
1084 3655 1124 3701 20.
1136 3648 1296 3710 [arundinea

177 3719 229 3767 Ra.
247 3717 319 3767 Pone
337 3723 388 3764 otas
405 3714 534 3764 collocant
550 3716 601 3764 Td.
642 3721 682 3764 21.
699 3714 835 3775 Palumbis,
852 3717 903 3766 Ra.
924 3715 1057 3780 palumbes,
1074 3719 1097 3766 d.
1116 3716 1253 3781 palumbus,
1265 3718 1295 3767 Τ.

178 3791 218 3834 22.
238 3783 384 3834 Sturnorum
396 3791 417 3831 et
428 3782 580 3832 birundinum
591 3781 693 3841 volatus,
706 3783 729 3830 d.
743 3781 870 3832 Omittunt
881 3785 960 3834 RTa.
985 3791 1025 3834 23.
1042 3783 1146 3851 palpati,
1157 3801 1179 3834 a.
1191 3785 1295 3852 perpati,

177 3854 230 3902 Rd.
247 3851 358 3918 perpule,
376 3852 406 3901 T.
443 3856 483 3900 24.
505 3847 573 3905 Quae
590 3891 621 3897 ..
639 3866 724 3910 vocem,
742 3851 792 3900 Ra.
816 3859 838 3899 et
854 3868 915 3914 quae
931 3861 1021 3901 mutant
1038 3893 1068 3900 -
1086 3869 1172 3914 vocem,
1184 3854 1238 3914 Td,
1251 3853 1295 3915 qui

177 3920 242 3969 haec
253 3935 293 3967 vv.
305 3934 373 3981 pone
384 3935 468 3984 penere
481 3919 618 3966 collocant.
654 3922 694 3966 25.
710 3935 802 3983 genere,
814 3920 893 3968 RTa.
910 3922 1043 3985 penenbus,
1056 3921 1080 3968 d.
1116 3926 1156 3970 26.
1174 3920 1294 3981 eritbacis,

176 3986 331 4036 Harduinus.
359 3985 497 4047 eraitbocbs,
519 3988 569 4036 Ra.
596 3984 756 4046 sieeteritacis,
777 3986 808 4034 Τ.
834 3987 973 4048 siceitocis,
994 3990 1017 4037 d.
1054 3990 1094 4038 27.
1114 3988 1245 4050 *aquatica
1263 3989 1293 4038 T.

177 4059 218 4103 28.
238 4053 361 4114 Sollertia,
373 4056 424 4104 Ra.
443 4053 590 4114 etsollerte'a,
611 4054 663 4103 Td.
699 4059 739 4102 29.
759 4054 916 4120 Acontbpllis,
936 4055 1060 4110 Harduin.
1085 4055 1221 4122 Apotbylis,
1242 4057 1293 4106 Ra.

176 4120 321 4187 Apatbyllis,
334 4121 385 4170 Td.
420 4128 461 4171 30.
480 4123 628 4183 avium,Ra.
642 4121 833 4172 OmittuntTd.
864 4129 904 4173 31.
922 4122 1018 4189 cypseli,
1031 4125 1061 4173 T.
1080 4123 1292 4190 apparasse.

177 4193 216 4237 32.
236 4187 372 4254 lagopodes,
389 4205 411 4238 a.
435 4188 573 4253 lagopodes,
590 4191 621 4239 R.
644 4189 838 4254 Lapopuspodes,
854 4192 884 4240 Τ.
921 4197 960 4240 33.
980 4192 1090 4252 bibiones,
1107 4193 1159 4241 Tu
1183 4194 1293 4252 bubones,
