2888 4794
175 287 269 329 LXXII
643 285 833 329 Pusurnulo.

177 440 280 499 eadem
299 439 463 499 constantis
481 437 715 515 deprehendatur
734 438 765 497 in
783 438 884 497 littera
904 459 924 495 u
945 437 1061 496 litterae
1089 439 1113 496 d
1128 436 1302 513 praemissa,

178 550 259 617 unde
273 569 379 610 rursus
393 549 498 626 scripsi
511 551 639 620 eusdem,
653 549 828 622 tantundem,
845 549 1035 624 quorundum,
1056 549 1185 623 quandiu
1200 554 1231 606 et
1243 552 1303 608 cli·

99 730 106 741 q
179 662 320 738 quaudiu,
334 667 469 736 excepto,
484 659 529 717 nti
541 659 574 732 in
586 676 619 717 re
639 677 764 735 prorsus
774 641 892 718 diverse
906 657 1039 735 perluit,
1053 659 1304 731 verboramur,

177 769 257 847 quod
270 770 312 829 ita
324 770 369 829 bie
379 771 469 828 habet
478 767 516 841 B,
528 762 581 841 35,
592 762 644 828 33.
659 763 731 827 136.
752 765 823 827 Non
833 768 945 827 minore
956 786 1023 829 cnm
1033 767 1141 826 fidncia
1151 774 1213 827 tam
1224 768 1304 844 opti·

177 898 258 939 mum
277 879 367 939 Plinii
386 897 477 956 quam
490 877 756 957 praestantissimos
777 879 904 937 aliorum
923 878 1115 955 scriptorum,
1142 878 1186 936 uti
1205 877 1304 937 Medi-

177 1007 261 1051 cenm
271 987 406 1065 Vergilii,
419 989 533 1050 codices
544 997 661 1049 secutus
670 989 702 1046 in
713 987 866 1049 vocalibus
876 1006 954 1064 quae
965 988 1102 1047 dicuntur
1110 986 1168 1046 sibi
1176 986 1306 1045 insiden-

177 1110 223 1160 tes
244 1101 402 1177 genuinam
420 1097 510 1157 Plinii
529 1116 651 1157 manum
669 1098 785 1157 restitui
799 1098 850 1172 ita,
865 1105 901 1156 ut
917 1099 1046 1176 primum
1064 1098 1096 1156 in
1113 1097 1150 1155 iis
1169 1097 1305 1169 vocibus,

177 1209 230 1269 ubi
243 1208 336 1284 vulgo
349 1229 387 1269 uu
402 1226 467 1268 sese
481 1209 643 1284 excipiunt,
657 1227 773 1286 semper
788 1209 948 1268 scriberem
968 1226 1029 1266 non
1043 1207 1133 1266 modo
1146 1209 1305 1278 educatur,
1345 1198 1351 1208 ’

178 1322 345 1392 ooouculus,
355 1321 507 1396 paruolus,
522 1321 632 1394 colpus,
646 1321 758 1390 volnus,
772 1321 879 1396 volpes,
900 1319 1031 1391 Volsinii,
1060 1318 1228 1388 Voltur-aus,
1242 1318 1306 1378 ool·

179 1438 237 1500 tus,
257 1431 353 1499 volvo,
375 1431 485 1489 avolsus
505 1434 536 1487 et
555 1430 682 1488 revolsus
701 1433 731 1487 ct
744 1431 903 1499 convolsae,
918 1445 1023 1488 verum
1036 1427 1125 1486 etiam
1138 1400 1241 1498 dccii,
1254 1442 1306 1484 uo·

177 1558 251 1612 sou,
264 1541 358 1600 vivont
370 1546 400 1597 et
413 1557 485 1597 coen
495 1537 674 1598 nominativo
688 1539 801 1610 Ocloos,
811 1541 902 1610 diuos,
914 1530 1012 1610 noceri
1022 1554 1136 1605 sarcos,-
1145 1536 1258 1612 pariter
1267 1535 1309 1595 sd

179 1649 332 1732 antiquam
347 1654 377 1705 at
390 1648 507 1726 optimis
520 1648 695 1711 testimoniis
710 1640 931 1725 comprirbatam
945 1648 1124 1724 scripturam
1137 1646 1235 1705 redire
1245 1662 1307 1704 non

179 1758 314 1819 dubitavi
333 1757 400 1831 ubi,
422 1776 490 1818 cum
509 1757 601 1835 vulgo
621 1757 710 1818 scrrhi
729 1756 824 1817 soleat
843 1778 920 1834 quu,
941 1750 1067 1817 leo'tores
1080 1757 1139 1816 iam
1153 1757 1308 1825 inveniunt

179 1868 287 1929 iustam
306 1867 483 1945 scripturam
496 1887 557 1946 ,per
570 1887 620 1942 cu,
632 1885 721 1945 quam
740 1868 845 1928 relinxi
862 1868 893 1928 in
912 1887 1018 1942 cocum,
1033 1867 1144 1939 cocunt,
1158 1877 1307 1955 cocumuq,

180 1999 255 2053 eous,
270 1982 396 2051 lincunt,
410 1981 552 2054 locuntur,
567 1981 683 2052 coliem,
698 1989 843 2051 semotae,
859 1979 940 2055 quod
953 1979 1063 2055 ubique
1076 1977 1197 2037 exhihet
1209 1976 1243 2063 Β,
1252 1996 1307 2037 ex·

180 2089 272 2166 osptis
293 2077 421 2148 fortasse
439 2088 512 2147 locis
532 2083 586 2160 32,
597 2077 680 2148 Ι123.
701 2084 755 2160 33,
771 2085 823 2149 70.
844 2084 896 2149 75.
911 2084 964 2162 34,
980 2082 1308 2161 81.161.,ubiserior

179 2198 328 2275 scriptura
341 2217 394 2275 per
409 2217 466 2273 quo
480 2197 634 2258 invenitur.
656 2197 737 2257 Huic
751 2198 915 2274 quaestioni
928 2199 1116 2275 adiungenda
1124 2206 1173 2257 est
1181 2200 1309 2274 cognata

180 2307 219 2366 dc
233 2306 332 2366 verbis
351 2311 449 2383 linquo
463 2313 581 2384 etunpo
596 2325 663 2368 cum
682 2309 745 2367 suis
759 2309 945 2386 compositis,
960 2280 1114 2386 inquibus
1128 2311 1308 2386 linquuntur,

180 2418 319 2494 tiupuerc,
342 2419 481 2493 linquant,
503 2419 677 2494 tinguendis,
698 2420 814 2493 tiupuit,
834 2421 937 2495 tiuqui,
952 2419 1006 2478 sed
1018 2421 1143 2496 cinyras,
1158 2421 1309 2496 tsirpuutur

180 2545 200 2587 s
213 2545 261 2587 me
274 2526 416 2605 scriptum
429 2526 588 2586 invonitur.
611 2526 728 2603 Magnis
742 2527 963 2588 difficultatibus
977 2528 1105 2588 obnoxia
1117 2535 1163 2588 est
1176 2528 1308 2606 quaestio

180 2637 220 2696 de
243 2637 460 2696 adsimilatione
484 2637 734 2715 praepositionum
757 2637 788 2696 in
812 2638 913 2698 verbis
929 2638 1123 2699 otadiectivis
1145 2637 1308 2699 adverbiis·

182 2766 239 2824 que
260 2747 437 2826 compositis,
452 2767 541 2824 quam
554 2748 586 2807 in
604 2749 823 2826 praepositione
848 2752 889 2810 ad
914 2750 1026 2827 ubique
1049 2749 1171 2810 auvari
1191 2753 1308 2827 praeter

182 2861 275 2919 verba
288 2862 446 2937 appellare,
460 2861 592 2919 accedere
612 2840 764 2936 paucaque
785 2860 847 2919 alis
864 2861 1036 2936 saepissime
1056 2861 1159 2933 obv'm,
1180 2865 1210 2917 et
1227 2857 1307 2921 iniis

156 3021 164 3037 ,
181 2970 291 3041 verbis,
307 2986 384 3043 quae
395 2962 540 3044 incipiunt
552 2987 572 3026 a
584 2968 685 3026 littera
698 2978 720 3039 t,
736 2988 915 3046 quamquam
928 2971 960 3029 in
974 2972 1031 3029 hac
1044 2987 1163 3046 quoque
1172 2963 1307 3029 codch
1427 2956 1430 2963 '

181 3078 337 3155 aliquoties
350 3076 481 3154 praefert
494 3080 524 3150 d,
539 3085 574 3136 ut
587 3077 730 3155 scriptum
742 3073 775 3136 in
789 3081 879 3139 eo'sit
891 3060 1001 3168 adtarq,
1018 3082 1159 3152 adtritae
1179 3081 1307 3159 adtitqqo,

181 3188 314 3259 udtrclo,
329 3188 382 3246 ubi
395 3204 455 3245 non
468 3186 564 3263 magis
574 3205 594 3246 a
605 3188 727 3264 vulgata
738 3189 883 3265 scriptura
892 3191 1028 3249 resedere
1039 3206 1107 3250 sum
1115 3204 1207 3246 ausus
1218 3206 1309 3263 quam

181 3298 215 3356 in
234 3297 382 3375 scriptura
401 3297 534 3358 adverbii
552 3300 671 3376 aliquod
697 3317 753 3376 pro
770 3302 897 3377 aliquot,
918 3310 1005 3378 aput,
1020 3301 1128 3375 adpro
1140 3305 1186 3368 ut,
1201 3299 1307 3373 adque,

183 3417 261 3484 quot,
277 3409 390 3486 inquid,
404 3410 541 3486 reliquid,
556 3419 608 3480 ret,
623 3424 751 3487 quorum
766 3428 834 3469 oum
854 3409 999 3470 nonnulla
1016 3392 1088 3470 vera
1105 3407 1245 3480 habeam,
1259 3424 1309 3466 res

183 3524 282 3578 tamen
300 3518 431 3578 nondum
449 3538 484 3578 eo
503 3519 647 3596 perducta
667 3525 727 3601 est,
748 3528 783 3581 ut
802 3521 874 3580 certi
892 3519 1005 3597 aliquid
1019 3520 1057 3578 ds
1071 3537 1108 3579 ea
1119 3518 1191 3596 poni
1203 3518 1308 3596 posut,
1397 3565 1404 3578 .

121 3664 127 3704 ς
181 3645 249 3689 oum
262 3646 283 3688 a
295 3628 396 3688 littera
408 3647 512 3688 rocem
527 3638 698 3706 sequentem
711 3630 869 3707 incipiente
881 3631 1054 3708 pependisse
1074 3629 1220 3701 videatur,
1233 3627 1310 3687 hanc

180 3758 221 3798 an
228 3738 311 3799 illam
319 3739 447 3799 litteram
457 3739 615 3817 scriptores
628 3748 779 3817 ponerent.
800 3740 862 3800 Vix
873 3758 1015 3816 nmquam
1027 3741 1066 3798 ad
1075 3739 1219 3817 liquidrun
1229 3737 1309 3815 apud

116 3844 120 3849 ’
181 3848 314 3910 Plinium
324 3858 404 3911 certe
414 3867 463 3909 res
474 3849 636 3909 deducetur
645 3849 677 3907 in
686 3830 906 3927 praepositione
919 3871 983 3910 cum
993 3850 1056 3909 sive
1065 3868 1131 3923 oon,
1142 3849 1194 3909 nbi
1205 3845 1309 3908 cumB

182 3959 256 4017 adeo
269 3959 380 4021 formas
394 3979 454 4021 non
466 3977 537 4019 raro
552 3958 698 4032 exhibeat,
713 3961 817 4036 quales
828 3967 898 4031 eunt
908 3964 1041 4039 comfero,
1056 3964 1222 4039 coufessus,
1232 3976 1309 4018 com·

176 4070 283 4144 flspro,
301 4073 456 4146 complutus,
471 4047 659 4131 idem'tamen
669 4071 790 4130 exhibet
803 4074 952 4144 couloudo,
966 4075 1092 4148 conlepo,
1103 4073 1226 4141 conloco,
1240 4086 1308 4128 cou-

166 4181 270 4255 ¹luceo,
285 4189 449 4256 conpactus,
464 4198 600 4258 conpare,
616 4184 813 4259 conpendium,
826 4185 992 4260 coepturus,
1006 4184 1169 4260 conplures,
1182 4179 1308 4267 caspuli,
