<?xml version="1.0" encoding="UTF-8"?>
<!DOCTYPE html PUBLIC "-//W3C//DTD XHTML 1.0 Transitional//EN"
    "http://www.w3.org/TR/xhtml1/DTD/xhtml1-transitional.dtd">
<html xmlns="http://www.w3.org/1999/xhtml" xml:lang="en" lang="en">
 <head>
  <title>
</title>
<meta http-equiv="Content-Type" content="text/html;charset=utf-8" />
  <meta name='ocr-system' content='tesseract 3.04.00' />
  <meta name='ocr-capabilities' content='ocr_page ocr_carea ocr_par ocr_line ocrx_word'/>
</head>
<body>
  <div class='ocr_page' id='page_1' title='image "./cplinisecundina08plingoog_0280.png"; bbox 0 0 2888 4794; ppageno 0'>
   <div class='ocr_carea' id='block_1_1' title="bbox 311 307 1262 371">
    <p class='ocr_par' dir='ltr' id='par_1_1' title="bbox 311 307 1262 371">
     <span class='ocr_line' id='line_1_1' title="bbox 311 307 1262 371; baseline -0.004 0"><span class='ocrx_word' id='word_1_1' title='bbox 311 325 381 371; x_wconf 80' lang='lat' dir='ltr'>ms.</span> <span class='ocrx_word' id='word_1_2' title='bbox 399 324 435 370; x_wconf 92' lang='lat'>11.</span> <span class='ocrx_word' id='word_1_3' title='bbox 466 322 862 369; x_wconf 77' lang='lat' dir='ltr'>cAP.nxx111...nxxv11.</span> <span class='ocrx_word' id='word_1_4' title='bbox 896 321 993 368; x_wconf 78' lang='lat' dir='ltr'>seer.</span> <span class='ocrx_word' id='word_1_5' title='bbox 1010 323 1097 367; x_wconf 69' lang='lat' dir='ltr'>rs-rs.</span> <span class='ocrx_word' id='word_1_6' title='bbox 1199 307 1262 369; x_wconf 82' lang='lat'>177·</span> 
     </span>
    </p>
   </div>
   <div class='ocr_carea' id='block_1_2' title="bbox 61 473 1392 2397">
    <p class='ocr_par' dir='ltr' id='par_1_2' title="bbox 140 473 1259 564">
     <span class='ocr_line' id='line_1_2' title="bbox 140 473 1259 564; baseline -0.004 -22"><span class='ocrx_word' id='word_1_7' title='bbox 140 479 237 543; x_wconf 87' lang='lat' dir='ltr'>horae</span> <span class='ocrx_word' id='word_1_8' title='bbox 268 475 412 564; x_wconf 85' lang='lat' dir='ltr'>colligat,</span> <span class='ocrx_word' id='word_1_9' title='bbox 441 475 660 542; x_wconf 78' lang='lat' dir='ltr'><strong>Alexandriae</strong></span> <span class='ocrx_word' id='word_1_10' title='bbox 687 497 762 541; x_wconf 90' lang='lat' dir='ltr'>vero</span> <span class='ocrx_word' id='word_1_11' title='bbox 790 492 856 538; x_wconf 72' lang='grc' dir='ltr'>ΧΠ</span> <span class='ocrx_word' id='word_1_12' title='bbox 885 475 989 552; x_wconf 87' lang='lat' dir='ltr'>horas,</span> <span class='ocrx_word' id='word_1_13' title='bbox 1019 475 1052 539; x_wconf 91' lang='lat' dir='ltr'>in</span> <span class='ocrx_word' id='word_1_14' title='bbox 1079 473 1172 539; x_wconf 86' lang='lat' dir='ltr'>Italia</span> <span class='ocrx_word' id='word_1_15' title='bbox 1198 489 1259 553; x_wconf 82' lang='lat' dir='ltr'>xv,</span> 
     </span>
    </p>

    <p class='ocr_par' dir='ltr' id='par_1_3' title="bbox 139 576 1261 655">
     <span class='ocr_line' id='line_1_3' title="bbox 139 576 1261 655; baseline -0.001 -13"><span class='ocrx_word' id='word_1_16' title='bbox 139 579 173 642; x_wconf 92' lang='lat' dir='ltr'>in</span> <span class='ocrx_word' id='word_1_17' title='bbox 197 576 365 646; x_wconf 80' lang='lat' dir='ltr'>Britannia</span> <span class='ocrx_word' id='word_1_18' title='bbox 394 595 490 655; x_wconf 81' lang='lat' dir='ltr'>xvn,</span> <span class='ocrx_word' id='word_1_19' title='bbox 526 576 584 643; x_wconf 92' lang='lat' dir='ltr'>ubi</span> <span class='ocrx_word' id='word_1_20' title='bbox 611 580 732 642; x_wconf 79' lang='lat' dir='ltr'>aestate</span> <span class='ocrx_word' id='word_1_21' title='bbox 765 576 891 641; x_wconf 91' lang='lat' dir='ltr'>lucidae</span> <span class='ocrx_word' id='word_1_22' title='bbox 923 586 1037 641; x_wconf 87' lang='lat' dir='ltr'>noctes</span> <span class='ocrx_word' id='word_1_23' title='bbox 1064 576 1143 640; x_wconf 87' lang='lat' dir='ltr'>haut</span> <span class='ocrx_word' id='word_1_24' title='bbox 1163 576 1261 642; x_wconf 91' lang='lat' dir='ltr'>dubie</span> 
     </span>
    </p>

    <p class='ocr_par' dir='ltr' id='par_1_4' title="bbox 140 676 1261 766">
     <span class='ocr_line' id='line_1_4' title="bbox 140 676 1261 766; baseline -0.003 -20"><span class='ocrx_word' id='word_1_25' title='bbox 140 681 326 766; x_wconf 88' lang='lat' dir='ltr'>promittunt</span> <span class='ocrx_word' id='word_1_26' title='bbox 354 678 389 743; x_wconf 91' lang='lat' dir='ltr'>id</span> <span class='ocrx_word' id='word_1_27' title='bbox 417 679 503 762; x_wconf 92' lang='lat' dir='ltr'>quod</span> <span class='ocrx_word' id='word_1_28' title='bbox 531 678 617 766; x_wconf 84' lang='lat' dir='ltr'><strong>cogit</strong></span> <span class='ocrx_word' id='word_1_29' title='bbox 643 677 725 742; x_wconf 89' lang='lat' dir='ltr'>ratio</span> <span class='ocrx_word' id='word_1_30' title='bbox 755 677 853 755; x_wconf 89' lang='lat' dir='ltr'>credi,</span> <span class='ocrx_word' id='word_1_31' title='bbox 883 676 999 744; x_wconf 79' lang='lat' dir='ltr'>solstiti</span> <span class='ocrx_word' id='word_1_32' title='bbox 1025 676 1139 743; x_wconf 90' lang='lat' dir='ltr'>diebus</span> <span class='ocrx_word' id='word_1_33' title='bbox 1167 701 1261 744; x_wconf 88' lang='lat' dir='ltr'>acce-</span> 
     </span>
    </p>

    <p class='ocr_par' dir='ltr' id='par_1_5' title="bbox 140 780 1261 868">
     <span class='ocr_line' id='line_1_5' title="bbox 140 780 1261 868; baseline -0.001 -22"><span class='ocrx_word' id='word_1_34' title='bbox 140 783 235 862; x_wconf 88' lang='lat' dir='ltr'>dente</span> <span class='ocrx_word' id='word_1_35' title='bbox 266 781 331 847; x_wconf 90' lang='lat' dir='ltr'>sole</span> <span class='ocrx_word' id='word_1_36' title='bbox 358 782 490 868; x_wconf 89' lang='lat' dir='ltr'>propius</span> <span class='ocrx_word' id='word_1_37' title='bbox 516 780 670 846; x_wconf 86' lang='lat' dir='ltr'>verticem</span> <span class='ocrx_word' id='word_1_38' title='bbox 693 781 821 858; x_wconf 92' lang='lat' dir='ltr'>mundi,</span> <span class='ocrx_word' id='word_1_39' title='bbox 855 790 992 868; x_wconf 84' lang='lat' dir='ltr'>angusto</span> <span class='ocrx_word' id='word_1_40' title='bbox 1018 780 1100 845; x_wconf 91' lang='lat' dir='ltr'>lucis</span> <span class='ocrx_word' id='word_1_41' title='bbox 1129 780 1261 856; x_wconf 90' lang='lat' dir='ltr'>ambitu,</span> 
     </span>
    </p>

    <p class='ocr_par' dir='ltr' id='par_1_6' title="bbox 140 881 1260 959">
     <span class='ocr_line' id='line_1_6' title="bbox 140 881 1260 959; baseline -0.004 -10"><span class='ocrx_word' id='word_1_42' title='bbox 140 885 286 950; x_wconf 88' lang='lat' dir='ltr'>subiecta</span> <span class='ocrx_word' id='word_1_43' title='bbox 315 895 420 949; x_wconf 87' lang='lat' dir='ltr'>terrae</span> <span class='ocrx_word' id='word_1_44' title='bbox 447 883 615 949; x_wconf 87' lang='lat' dir='ltr'>continuos</span> <span class='ocrx_word' id='word_1_45' title='bbox 643 882 712 947; x_wconf 88' lang='lat' dir='ltr'>dies</span> <span class='ocrx_word' id='word_1_46' title='bbox 738 881 855 947; x_wconf 89' lang='lat' dir='ltr'>habere</span> <span class='ocrx_word' id='word_1_47' title='bbox 883 883 967 948; x_wconf 89' lang='lat' dir='ltr'>senis</span> <span class='ocrx_word' id='word_1_48' title='bbox 993 882 1174 959; x_wconf 87' lang='lat' dir='ltr'>mensibus,</span> <span class='ocrx_word' id='word_1_49' title='bbox 1203 904 1260 946; x_wconf 93' lang='lat' dir='ltr'>no-</span> 
     </span>
    </p>

    <p class='ocr_par' dir='ltr' id='par_1_7' title="bbox 141 983 1324 1077">
     <span class='ocr_line' id='line_1_7' title="bbox 141 983 1324 1077; baseline -0.003 -25"><span class='ocrx_word' id='word_1_50' title='bbox 141 988 265 1071; x_wconf 90' lang='lat' dir='ltr'>ctisque</span> <span class='ocrx_word' id='word_1_51' title='bbox 288 1010 306 1051; x_wconf 91' lang='lat' dir='ltr'>e</span> <span class='ocrx_word' id='word_1_52' title='bbox 329 985 456 1051; x_wconf 88' lang='lat' dir='ltr'>diverso</span> <span class='ocrx_word' id='word_1_53' title='bbox 478 985 520 1049; x_wconf 89' lang='lat' dir='ltr'>ad</span> <span class='ocrx_word' id='word_1_54' title='bbox 540 983 688 1071; x_wconf 84' lang='lat' dir='ltr'>brumam</span> <span class='ocrx_word' id='word_1_55' title='bbox 708 995 839 1051; x_wconf 87' lang='lat' dir='ltr'>remote.</span> <span class='ocrx_word' id='word_1_56' title='bbox 880 983 978 1066; x_wconf 81' lang='lat' dir='ltr'>Quod</span> <span class='ocrx_word' id='word_1_57' title='bbox 1002 983 1072 1077; x_wconf 86' lang='lat' dir='ltr'>fieri</span> <span class='ocrx_word' id='word_1_58' title='bbox 1097 985 1132 1048; x_wconf 91' lang='lat' dir='ltr'>in</span> <span class='ocrx_word' id='word_1_59' title='bbox 1157 983 1261 1048; x_wconf 88' lang='lat' dir='ltr'>insula</span> <span class='ocrx_word' id='word_1_60' title='bbox 1277 1003 1324 1049; x_wconf 78' lang='lat'>187</span> 
     </span>
    </p>

    <p class='ocr_par' dir='ltr' id='par_1_8' title="bbox 139 1074 1261 1174">
     <span class='ocr_line' id='line_1_8' title="bbox 139 1074 1261 1174; baseline -0.004 -21"><span class='ocrx_word' id='word_1_61' title='bbox 139 1089 244 1154; x_wconf 87' lang='lat' dir='ltr'>Thule</span> <span class='ocrx_word' id='word_1_62' title='bbox 266 1087 410 1173; x_wconf 87' lang='lat' dir='ltr'>Pytheas</span> <span class='ocrx_word' id='word_1_63' title='bbox 437 1086 652 1154; x_wconf 80' lang='lat' dir='ltr'>Massiliensis</span> <span class='ocrx_word' id='word_1_64' title='bbox 679 1087 791 1153; x_wconf 87' lang='lat' dir='ltr'>scribit</span> <span class='ocrx_word' id='word_1_65' title='bbox 819 1111 876 1154; x_wconf 89' lang='lat' dir='ltr'>sex</span> <span class='ocrx_word' id='word_1_66' title='bbox 905 1074 1261 1174; x_wconf 62' lang='lat' dir='ltr'>diem-,navigatione</span> 
     </span>
    </p>

    <p class='ocr_par' dir='ltr' id='par_1_9' title="bbox 139 1173 1262 1275">
     <span class='ocr_line' id='line_1_9' title="bbox 139 1173 1262 1275; baseline -0.003 -20"><span class='ocrx_word' id='word_1_67' title='bbox 139 1190 173 1254; x_wconf 92' lang='lat' dir='ltr'>in</span> <span class='ocrx_word' id='word_1_68' title='bbox 200 1190 449 1274; x_wconf 81' lang='lat' dir='ltr'>septentrionem</span> <span class='ocrx_word' id='word_1_69' title='bbox 475 1213 494 1254; x_wconf 88' lang='lat' dir='ltr'>a</span> <span class='ocrx_word' id='word_1_70' title='bbox 520 1189 688 1255; x_wconf 87' lang='lat' dir='ltr'>Britannia</span> <span class='ocrx_word' id='word_1_71' title='bbox 716 1189 871 1268; x_wconf 84' lang='lat' dir='ltr'>distante,</span> <span class='ocrx_word' id='word_1_72' title='bbox 905 1173 1036 1275; x_wconf 84' lang='lat' dir='ltr'>quidam</span> <span class='ocrx_word' id='word_1_73' title='bbox 1066 1211 1142 1254; x_wconf 90' lang='lat' dir='ltr'>vero</span> <span class='ocrx_word' id='word_1_74' title='bbox 1171 1199 1203 1254; x_wconf 91' lang='lat' dir='ltr'>et</span> <span class='ocrx_word' id='word_1_75' title='bbox 1227 1188 1262 1252; x_wconf 92' lang='lat' dir='ltr'>in</span> 
     </span>
    </p>

    <p class='ocr_par' dir='ltr' id='par_1_10' title="bbox 61 1289 1262 1379">
     <span class='ocr_line' id='line_1_10' title="bbox 61 1289 1262 1379; baseline 0.002 -26"><span class='ocrx_word' id='word_1_76' title='bbox 61 1375 64 1379; x_wconf 14' lang='grc' dir='ltr'><strong><em>Δ</em></strong></span> <span class='ocrx_word' id='word_1_77' title='bbox 141 1289 241 1356; x_wconf 89' lang='lat' dir='ltr'>Mona</span> <span class='ocrx_word' id='word_1_78' title='bbox 269 1311 351 1375; x_wconf 89' lang='lat' dir='ltr'>quae</span> <span class='ocrx_word' id='word_1_79' title='bbox 373 1291 472 1356; x_wconf 86' lang='lat' dir='ltr'>distat</span> <span class='ocrx_word' id='word_1_80' title='bbox 493 1315 512 1355; x_wconf 93' lang='lat' dir='ltr'>a</span> <span class='ocrx_word' id='word_1_81' title='bbox 535 1289 754 1358; x_wconf 87' lang='lat' dir='ltr'>Camaloduno</span> <span class='ocrx_word' id='word_1_82' title='bbox 776 1291 961 1356; x_wconf 75' lang='lat' dir='ltr'>Britanniae</span> <span class='ocrx_word' id='word_1_83' title='bbox 991 1291 1110 1378; x_wconf 91' lang='lat' dir='ltr'>oppido</span> <span class='ocrx_word' id='word_1_84' title='bbox 1137 1290 1262 1357; x_wconf 82' lang='lat' dir='ltr'>circiter</span> 
     </span>
    </p>

    <p class='ocr_par' dir='ltr' id='par_1_11' title="bbox 141 1393 1021 1459">
     <span class='ocr_line' id='line_1_11' title="bbox 141 1393 1021 1459; baseline 0.005 -3"><span class='ocrx_word' id='word_1_85' title='bbox 141 1409 186 1456; x_wconf 88' lang='lat' dir='ltr'>cc</span> <span class='ocrx_word' id='word_1_86' title='bbox 208 1393 296 1459; x_wconf 91' lang='lat' dir='ltr'>milia</span> <span class='ocrx_word' id='word_1_87' title='bbox 318 1393 495 1458; x_wconf 86' lang='lat' dir='ltr'>adfirmant.</span> <span class='ocrx_word' id='word_1_88' title='bbox 1019 1424 1021 1429; x_wconf 48' lang='lat'>&gt;</span> 
     </span>
    </p>

    <p class='ocr_par' dir='ltr' id='par_1_12' title="bbox 180 1493 1264 1581">
     <span class='ocr_line' id='line_1_12' title="bbox 180 1493 1264 1581; baseline 0.003 -23"><span class='ocrx_word' id='word_1_89' title='bbox 180 1493 345 1562; x_wconf 83' lang='lat' dir='ltr'>LXXVI.</span> <span class='ocrx_word' id='word_1_90' title='bbox 385 1497 435 1561; x_wconf 80' lang='lat'>78.</span> <span class='ocrx_word' id='word_1_91' title='bbox 464 1495 662 1561; x_wconf 87' lang='lat' dir='ltr'>Umbrarum</span> <span class='ocrx_word' id='word_1_92' title='bbox 683 1496 767 1562; x_wconf 89' lang='lat' dir='ltr'>hane</span> <span class='ocrx_word' id='word_1_93' title='bbox 793 1498 952 1563; x_wconf 91' lang='lat' dir='ltr'>rationem</span> <span class='ocrx_word' id='word_1_94' title='bbox 973 1508 1006 1562; x_wconf 90' lang='lat' dir='ltr'>et</span> <span class='ocrx_word' id='word_1_95' title='bbox 1028 1519 1125 1581; x_wconf 87' lang='lat' dir='ltr'>quam</span> <span class='ocrx_word' id='word_1_96' title='bbox 1147 1506 1264 1563; x_wconf 86' lang='lat' dir='ltr'>vocant</span> 
     </span>
    </p>

    <p class='ocr_par' dir='ltr' id='par_1_13' title="bbox 108 1595 1263 1684">
     <span class='ocr_line' id='line_1_13' title="bbox 108 1595 1263 1684; baseline -0.002 -20"><span class='ocrx_word' id='word_1_97' title='bbox 108 1609 113 1619; x_wconf 93' lang='lat'><em>&#39;</em></span> <span class='ocrx_word' id='word_1_98' title='bbox 140 1597 351 1684; x_wconf 83' lang='lat' dir='ltr'>gnomonicen</span> <span class='ocrx_word' id='word_1_99' title='bbox 379 1598 501 1664; x_wconf 89' lang='lat' dir='ltr'>invenit</span> <span class='ocrx_word' id='word_1_100' title='bbox 527 1595 748 1663; x_wconf 84' lang='lat' dir='ltr'>Anaximenes</span> <span class='ocrx_word' id='word_1_101' title='bbox 777 1597 926 1664; x_wconf 90' lang='lat' dir='ltr'>Milesius</span> <span class='ocrx_word' id='word_1_102' title='bbox 953 1598 1187 1665; x_wconf 79' lang='lat' dir='ltr'>Anaximandri</span> <span class='ocrx_word' id='word_1_103' title='bbox 1222 1598 1263 1663; x_wconf 89' lang='lat' dir='ltr'>de</span> 
     </span>
    </p>

    <p class='ocr_par' dir='ltr' id='par_1_14' title="bbox 141 1698 1262 1787">
     <span class='ocr_line' id='line_1_14' title="bbox 141 1698 1262 1787; baseline -0.001 -22"><span class='ocrx_word' id='word_1_104' title='bbox 141 1722 204 1783; x_wconf 92' lang='lat' dir='ltr'>quo</span> <span class='ocrx_word' id='word_1_105' title='bbox 226 1701 366 1765; x_wconf 87' lang='lat' dir='ltr'>diximus</span> <span class='ocrx_word' id='word_1_106' title='bbox 389 1699 576 1784; x_wconf 89' lang='lat' dir='ltr'>discipulus,</span> <span class='ocrx_word' id='word_1_107' title='bbox 605 1698 792 1784; x_wconf 84' lang='lat' dir='ltr'>primusque</span> <span class='ocrx_word' id='word_1_108' title='bbox 818 1699 1018 1787; x_wconf 85' lang='lat' dir='ltr'>horologium</span> <span class='ocrx_word' id='word_1_109' title='bbox 1040 1699 1127 1784; x_wconf 88' lang='lat' dir='ltr'>quod</span> <span class='ocrx_word' id='word_1_110' title='bbox 1148 1701 1262 1785; x_wconf 88' lang='lat' dir='ltr'>appel-</span> 
     </span>
    </p>

    <p class='ocr_par' dir='ltr' id='par_1_15' title="bbox 139 1794 1392 1987">
     <span class='ocr_line' id='line_1_15' title="bbox 139 1794 1392 1867; baseline -0.005 -2"><span class='ocrx_word' id='word_1_111' title='bbox 139 1803 207 1866; x_wconf 87' lang='lat' dir='ltr'>lant</span> <span class='ocrx_word' id='word_1_112' title='bbox 229 1801 441 1867; x_wconf 85' lang='lat' dir='ltr'>sciothericon</span> <span class='ocrx_word' id='word_1_113' title='bbox 462 1799 707 1866; x_wconf 80' lang='lat' dir='ltr'>Lacedaemone</span> <span class='ocrx_word' id='word_1_114' title='bbox 729 1800 878 1865; x_wconf 88' lang='lat' dir='ltr'>ostendit.</span> <span class='ocrx_word' id='word_1_115' title='bbox 1208 1855 1211 1860; x_wconf 92' lang='lat'><em>.</em></span> <span class='ocrx_word' id='word_1_116' title='bbox 1256 1794 1259 1801; x_wconf 77' lang='grc'><strong>’</strong></span> <span class='ocrx_word' id='word_1_117' title='bbox 1390 1853 1392 1859; x_wconf 94' lang='grc'><strong>.</strong></span> 
     </span>
     <span class='ocr_line' id='line_1_16' title="bbox 181 1900 1324 1987; baseline -0.001 -23"><span class='ocrx_word' id='word_1_118' title='bbox 181 1900 363 1967; x_wconf 87' lang='lat' dir='ltr'>LXXVII.</span> <span class='ocrx_word' id='word_1_119' title='bbox 398 1903 448 1967; x_wconf 80' lang='lat'>79.</span> <span class='ocrx_word' id='word_1_120' title='bbox 470 1901 584 1987; x_wconf 91' lang='lat' dir='ltr'>Ipsum</span> <span class='ocrx_word' id='word_1_121' title='bbox 605 1901 690 1967; x_wconf 90' lang='lat' dir='ltr'>diem</span> <span class='ocrx_word' id='word_1_122' title='bbox 712 1900 766 1965; x_wconf 90' lang='lat' dir='ltr'>alii</span> <span class='ocrx_word' id='word_1_123' title='bbox 787 1900 879 1967; x_wconf 89' lang='lat' dir='ltr'>aliter</span> <span class='ocrx_word' id='word_1_124' title='bbox 900 1901 1121 1968; x_wconf 87' lang='lat' dir='ltr'>observavere.</span> <span class='ocrx_word' id='word_1_125' title='bbox 1149 1902 1261 1987; x_wconf 89' lang='lat' dir='ltr'>Baby·</span> <span class='ocrx_word' id='word_1_126' title='bbox 1277 1919 1324 1965; x_wconf 84' lang='lat' dir='ltr'>lss</span> 
     </span>
    </p>

    <p class='ocr_par' dir='ltr' id='par_1_16' title="bbox 140 2001 1340 2082">
     <span class='ocr_line' id='line_1_17' title="bbox 140 2001 1340 2082; baseline -0.003 -14"><span class='ocrx_word' id='word_1_127' title='bbox 140 2003 217 2068; x_wconf 91' lang='lat' dir='ltr'>lonii</span> <span class='ocrx_word' id='word_1_128' title='bbox 230 2003 315 2068; x_wconf 89' lang='lat' dir='ltr'>inter</span> <span class='ocrx_word' id='word_1_129' title='bbox 329 2004 499 2069; x_wconf 88' lang='lat' dir='ltr'>duossolis</span> <span class='ocrx_word' id='word_1_130' title='bbox 515 2002 656 2082; x_wconf 80' lang='lat' dir='ltr'>exortus,</span> <span class='ocrx_word' id='word_1_131' title='bbox 679 2001 895 2067; x_wconf 90' lang='lat' dir='ltr'>Athenienses</span> <span class='ocrx_word' id='word_1_132' title='bbox 916 2002 1001 2068; x_wconf 86' lang='lat' dir='ltr'>inter</span> <span class='ocrx_word' id='word_1_133' title='bbox 1015 2002 1095 2068; x_wconf 90' lang='lat' dir='ltr'>duos</span> <span class='ocrx_word' id='word_1_134' title='bbox 1117 2024 1261 2082; x_wconf 88' lang='lat' dir='ltr'>occasus,</span> <span class='ocrx_word' id='word_1_135' title='bbox 1337 2056 1340 2065; x_wconf 94' lang='lat'>.</span> 
     </span>
    </p>

    <p class='ocr_par' dir='ltr' id='par_1_17' title="bbox 140 2103 1261 2193">
     <span class='ocr_line' id='line_1_18' title="bbox 140 2103 1261 2193; baseline 0.002 -24"><span class='ocrx_word' id='word_1_136' title='bbox 140 2103 257 2170; x_wconf 90' lang='lat' dir='ltr'>Umbri</span> <span class='ocrx_word' id='word_1_137' title='bbox 279 2128 298 2174; x_wconf 88' lang='lat' dir='ltr'>a</span> <span class='ocrx_word' id='word_1_138' title='bbox 318 2105 452 2171; x_wconf 91' lang='lat' dir='ltr'>meridie</span> <span class='ocrx_word' id='word_1_139' title='bbox 473 2107 515 2171; x_wconf 89' lang='lat' dir='ltr'>ad</span> <span class='ocrx_word' id='word_1_140' title='bbox 535 2105 713 2183; x_wconf 89' lang='lat' dir='ltr'>meridiem,</span> <span class='ocrx_word' id='word_1_141' title='bbox 736 2104 851 2190; x_wconf 82' lang='lat' dir='ltr'>volgus</span> <span class='ocrx_word' id='word_1_142' title='bbox 866 2126 959 2169; x_wconf 92' lang='lat' dir='ltr'>omne</span> <span class='ocrx_word' id='word_1_143' title='bbox 981 2127 1001 2168; x_wconf 89' lang='lat' dir='ltr'>a</span> <span class='ocrx_word' id='word_1_144' title='bbox 1022 2104 1094 2170; x_wconf 91' lang='lat' dir='ltr'>luce</span> <span class='ocrx_word' id='word_1_145' title='bbox 1109 2103 1151 2168; x_wconf 87' lang='lat' dir='ltr'>ad</span> <span class='ocrx_word' id='word_1_146' title='bbox 1171 2114 1261 2193; x_wconf 83' lang='lat' dir='ltr'>tene·</span> 
     </span>
    </p>

    <p class='ocr_par' dir='ltr' id='par_1_18' title="bbox 139 2205 1261 2293">
     <span class='ocr_line' id='line_1_19' title="bbox 139 2205 1261 2293; baseline 0 -21"><span class='ocrx_word' id='word_1_147' title='bbox 139 2206 224 2284; x_wconf 74' lang='lat' dir='ltr'>bras,</span> <span class='ocrx_word' id='word_1_148' title='bbox 254 2208 435 2273; x_wconf 88' lang='lat' dir='ltr'>sacerdotes</span> <span class='ocrx_word' id='word_1_149' title='bbox 463 2207 601 2273; x_wconf 85' lang='lat' dir='ltr'>Romani</span> <span class='ocrx_word' id='word_1_150' title='bbox 628 2218 661 2275; x_wconf 89' lang='lat' dir='ltr'>et</span> <span class='ocrx_word' id='word_1_151' title='bbox 686 2207 742 2293; x_wconf 90' lang='lat' dir='ltr'>qui</span> <span class='ocrx_word' id='word_1_152' title='bbox 770 2207 856 2272; x_wconf 90' lang='lat' dir='ltr'>diem</span> <span class='ocrx_word' id='word_1_153' title='bbox 877 2205 987 2273; x_wconf 88' lang='lat' dir='ltr'>finiere</span> <span class='ocrx_word' id='word_1_154' title='bbox 1015 2205 1152 2285; x_wconf 87' lang='lat' dir='ltr'>civilem,</span> <span class='ocrx_word' id='word_1_155' title='bbox 1183 2205 1261 2272; x_wconf 87' lang='lat' dir='ltr'>item</span> 
     </span>
    </p>

    <p class='ocr_par' dir='ltr' id='par_1_19' title="bbox 139 2307 1261 2397">
     <span class='ocr_line' id='line_1_20' title="bbox 139 2307 1261 2397; baseline 0 -24"><span class='ocrx_word' id='word_1_156' title='bbox 139 2309 298 2395; x_wconf 86' lang='lat' dir='ltr'>Aegyptii</span> <span class='ocrx_word' id='word_1_157' title='bbox 320 2319 353 2374; x_wconf 91' lang='lat' dir='ltr'>et</span> <span class='ocrx_word' id='word_1_158' title='bbox 373 2309 583 2397; x_wconf 82' lang='lat' dir='ltr'>Hipparchus</span> <span class='ocrx_word' id='word_1_159' title='bbox 606 2332 625 2375; x_wconf 88' lang='lat' dir='ltr'>a</span> <span class='ocrx_word' id='word_1_160' title='bbox 646 2309 753 2376; x_wconf 88' lang='lat' dir='ltr'>media</span> <span class='ocrx_word' id='word_1_161' title='bbox 774 2319 868 2375; x_wconf 91' lang='lat' dir='ltr'>nocte</span> <span class='ocrx_word' id='word_1_162' title='bbox 889 2308 924 2374; x_wconf 93' lang='lat' dir='ltr'>in</span> <span class='ocrx_word' id='word_1_163' title='bbox 943 2309 1094 2379; x_wconf 89' lang='lat' dir='ltr'>mediam.</span> <span class='ocrx_word' id='word_1_164' title='bbox 1131 2307 1261 2374; x_wconf 88' lang='lat' dir='ltr'>Minora</span> 
     </span>
    </p>
   </div>
   <div class='ocr_carea' id='block_1_3' title="bbox 31 2409 1260 2479">
    <p class='ocr_par' dir='ltr' id='par_1_20' title="bbox 31 2409 1260 2479">
     <span class='ocr_line' id='line_1_21' title="bbox 31 2409 1260 2479; baseline 0.004 -9"><span class='ocrx_word' id='word_1_165' title='bbox 31 2463 35 2470; x_wconf 88' lang='lat'>.</span> <span class='ocrx_word' id='word_1_166' title='bbox 120 2421 247 2476; x_wconf 71' lang='lat' dir='ltr'>&#39;autern</span> <span class='ocrx_word' id='word_1_167' title='bbox 273 2411 440 2477; x_wconf 83' lang='lat' dir='ltr'>intervalla</span> <span class='ocrx_word' id='word_1_168' title='bbox 469 2435 540 2478; x_wconf 87' lang='lat' dir='ltr'>esse</span> <span class='ocrx_word' id='word_1_169' title='bbox 567 2412 649 2479; x_wconf 88' lang='lat' dir='ltr'>lucis</span> <span class='ocrx_word' id='word_1_170' title='bbox 677 2413 761 2478; x_wconf 90' lang='lat' dir='ltr'>inter</span> <span class='ocrx_word' id='word_1_171' title='bbox 787 2423 875 2477; x_wconf 91' lang='lat' dir='ltr'>ortus</span> <span class='ocrx_word' id='word_1_172' title='bbox 904 2411 979 2478; x_wconf 91' lang='lat' dir='ltr'>solis</span> <span class='ocrx_word' id='word_1_173' title='bbox 1005 2411 1097 2476; x_wconf 87' lang='lat' dir='ltr'>iuxta</span> <span class='ocrx_word' id='word_1_174' title='bbox 1124 2409 1260 2476; x_wconf 89' lang='lat' dir='ltr'>solstitia</span> 
     </span>
    </p>
   </div>
   <div class='ocr_carea' id='block_1_4' title="bbox 123 2617 1298 4369">
    <p class='ocr_par' dir='ltr' id='par_1_21' title="bbox 123 2617 1259 2816">
     <span class='ocr_line' id='line_1_22' title="bbox 139 2617 1259 2683; baseline 0 -15"><span class='ocrx_word' id='word_1_175' title='bbox 139 2619 297 2670; x_wconf 88' lang='lat' dir='ltr'>scribendum</span> <span class='ocrx_word' id='word_1_176' title='bbox 309 2635 363 2671; x_wconf 88' lang='lat' dir='ltr'>esse</span> <span class='ocrx_word' id='word_1_177' title='bbox 375 2629 459 2671; x_wconf 86' lang='lat' dir='ltr'>censet</span> <span class='ocrx_word' id='word_1_178' title='bbox 469 2621 573 2670; x_wconf 84' lang='lat' dir='ltr'>Barbar.</span> <span class='ocrx_word' id='word_1_179' title='bbox 587 2622 692 2670; x_wconf 82' lang='lat' dir='ltr'>subiecto</span> <span class='ocrx_word' id='word_1_180' title='bbox 704 2629 817 2682; x_wconf 69' lang='lat' dir='ltr'>terreae</span> <span class='ocrx_word' id='word_1_181' title='bbox 826 2617 955 2683; x_wconf 82' lang='lat' dir='ltr'>(Robert.)</span> <span class='ocrx_word' id='word_1_182' title='bbox 967 2660 994 2668; x_wconf 79' lang='lat'>..</span> <span class='ocrx_word' id='word_1_183' title='bbox 1010 2619 1103 2679; x_wconf 77' lang='lat' dir='ltr'>baberi,</span> <span class='ocrx_word' id='word_1_184' title='bbox 1116 2621 1259 2669; x_wconf 84' lang='lat' dir='ltr'>Robert...</span> 
     </span>
     <span class='ocr_line' id='line_1_23' title="bbox 123 2685 1258 2751; baseline 0 -16"><span class='ocrx_word' id='word_1_185' title='bbox 123 2711 126 2718; x_wconf 91' lang='lat'>·</span> <span class='ocrx_word' id='word_1_186' title='bbox 138 2688 212 2748; x_wconf 86' lang='lat' dir='ltr'>senis,</span> <span class='ocrx_word' id='word_1_187' title='bbox 223 2686 248 2737; x_wconf 85' lang='lat' dir='ltr'>R</span> <span class='ocrx_word' id='word_1_188' title='bbox 260 2685 300 2750; x_wconf 90' lang='lat' dir='ltr'>(in</span> <span class='ocrx_word' id='word_1_189' title='bbox 311 2686 389 2751; x_wconf 82' lang='lat' dir='ltr'>corr.)</span> <span class='ocrx_word' id='word_1_190' title='bbox 401 2691 446 2737; x_wconf 87' lang='lat' dir='ltr'>sd.</span> <span class='ocrx_word' id='word_1_191' title='bbox 464 2688 540 2736; x_wconf 86' lang='lat' dir='ltr'>Hanc</span> <span class='ocrx_word' id='word_1_192' title='bbox 550 2702 639 2737; x_wconf 83' lang='lat' dir='ltr'>vocem</span> <span class='ocrx_word' id='word_1_193' title='bbox 650 2703 709 2736; x_wconf 89' lang='lat' dir='ltr'>cum</span> <span class='ocrx_word' id='word_1_194' title='bbox 721 2688 836 2749; x_wconf 88' lang='lat' dir='ltr'>sequenti</span> <span class='ocrx_word' id='word_1_195' title='bbox 852 2687 920 2735; x_wconf 89' lang='lat' dir='ltr'>delet</span> <span class='ocrx_word' id='word_1_196' title='bbox 935 2687 1003 2736; x_wconf 89' lang='lat' dir='ltr'>Pint.</span> <span class='ocrx_word' id='word_1_197' title='bbox 1023 2726 1054 2734; x_wconf 79' lang='grc'><strong>-</strong></span> <span class='ocrx_word' id='word_1_198' title='bbox 1073 2686 1163 2748; x_wconf 83' lang='lat' dir='ltr'>diebus,</span> <span class='ocrx_word' id='word_1_199' title='bbox 1180 2687 1206 2739; x_wconf 84' lang='lat' dir='ltr'>S.</span> <span class='ocrx_word' id='word_1_200' title='bbox 1214 2737 1217 2743; x_wconf 83' lang='grc'><em>,</em></span> <span class='ocrx_word' id='word_1_201' title='bbox 1226 2726 1258 2735; x_wconf 70' lang='lat'>.-</span> 
     </span>
     <span class='ocr_line' id='line_1_24' title="bbox 139 2753 622 2816; baseline -0.004 -12"><span class='ocrx_word' id='word_1_202' title='bbox 139 2753 181 2815; x_wconf 90' lang='lat' dir='ltr'>ad,</span> <span class='ocrx_word' id='word_1_203' title='bbox 193 2756 280 2805; x_wconf 79' lang='lat' dir='ltr'>R²ad</span> <span class='ocrx_word' id='word_1_204' title='bbox 299 2772 324 2816; x_wconf 88' lang='lat' dir='ltr'>a,</span> <span class='ocrx_word' id='word_1_205' title='bbox 336 2753 372 2805; x_wconf 76' lang='grc' dir='ltr'>Β1</span> <span class='ocrx_word' id='word_1_206' title='bbox 383 2753 415 2803; x_wconf 87' lang='grc' dir='ltr'>Τ.</span> <span class='ocrx_word' id='word_1_207' title='bbox 433 2794 465 2803; x_wconf 83' lang='grc'>-</span> <span class='ocrx_word' id='word_1_208' title='bbox 485 2755 580 2815; x_wconf 85' lang='lat' dir='ltr'>bruma,</span> <span class='ocrx_word' id='word_1_209' title='bbox 592 2754 622 2802; x_wconf 87' lang='grc' dir='ltr'>Τ.</span> 
     </span>
    </p>

    <p class='ocr_par' dir='ltr' id='par_1_22' title="bbox 136 2818 1298 4103">
     <span class='ocr_line' id='line_1_25' title="bbox 172 2818 1258 2888; baseline 0.002 -18"><span class='ocrx_word' id='word_1_210' title='bbox 172 2825 186 2886; x_wconf 66' lang='grc' dir='ltr'><strong>ξ</strong></span> <span class='ocrx_word' id='word_1_211' title='bbox 201 2825 257 2872; x_wconf 77' lang='lat' dir='ltr'>let.</span> <span class='ocrx_word' id='word_1_212' title='bbox 276 2819 331 2888; x_wconf 77' lang='lat' dir='ltr'>tyle,</span> <span class='ocrx_word' id='word_1_213' title='bbox 343 2822 375 2870; x_wconf 89' lang='lat' dir='ltr'>R.</span> <span class='ocrx_word' id='word_1_214' title='bbox 388 2819 454 2883; x_wconf 84' lang='lat' dir='ltr'>thile,</span> <span class='ocrx_word' id='word_1_215' title='bbox 463 2820 568 2870; x_wconf 83' lang='lat' dir='ltr'>Robert.</span> <span class='ocrx_word' id='word_1_216' title='bbox 580 2820 657 2870; x_wconf 87' lang='lat' dir='ltr'>Hunc</span> <span class='ocrx_word' id='word_1_217' title='bbox 668 2821 754 2869; x_wconf 88' lang='lat' dir='ltr'>locum</span> <span class='ocrx_word' id='word_1_218' title='bbox 765 2820 866 2883; x_wconf 87' lang='lat' dir='ltr'>respicit</span> <span class='ocrx_word' id='word_1_219' title='bbox 874 2818 968 2870; x_wconf 83' lang='lat' dir='ltr'>Dicuil.</span> <span class='ocrx_word' id='word_1_220' title='bbox 981 2822 1012 2871; x_wconf 88' lang='lat' dir='ltr'>de</span> <span class='ocrx_word' id='word_1_221' title='bbox 1023 2834 1102 2870; x_wconf 89' lang='lat' dir='ltr'>mens.</span> <span class='ocrx_word' id='word_1_222' title='bbox 1116 2820 1184 2871; x_wconf 85' lang='lat' dir='ltr'>orbis</span> <span class='ocrx_word' id='word_1_223' title='bbox 1196 2820 1258 2872; x_wconf 85' lang='lat' dir='ltr'>vn.</span> 
     </span>
     <span class='ocr_line' id='line_1_26' title="bbox 139 2884 1257 2952; baseline 0 -12"><span class='ocrx_word' id='word_1_224' title='bbox 139 2897 162 2951; x_wconf 78' lang='lat'>2,</span> <span class='ocrx_word' id='word_1_225' title='bbox 184 2896 208 2939; x_wconf 81' lang='lat'>2.</span> <span class='ocrx_word' id='word_1_226' title='bbox 235 2929 266 2937; x_wconf 88' lang='lat'>..</span> <span class='ocrx_word' id='word_1_227' title='bbox 286 2888 381 2952; x_wconf 85' lang='lat' dir='ltr'>pitens,</span> <span class='ocrx_word' id='word_1_228' title='bbox 401 2888 449 2938; x_wconf 67' lang='lat' dir='ltr'>In.</span> <span class='ocrx_word' id='word_1_229' title='bbox 473 2886 577 2952; x_wconf 84' lang='lat' dir='ltr'>phiteas,</span> <span class='ocrx_word' id='word_1_230' title='bbox 597 2888 641 2937; x_wconf 85' lang='lat' dir='ltr'>R².</span> <span class='ocrx_word' id='word_1_231' title='bbox 666 2884 775 2951; x_wconf 78' lang='lat' dir='ltr'>phineas,</span> <span class='ocrx_word' id='word_1_232' title='bbox 796 2888 901 2938; x_wconf 85' lang='lat' dir='ltr'>Robert.</span> <span class='ocrx_word' id='word_1_233' title='bbox 923 2888 983 2938; x_wconf 87' lang='lat' dir='ltr'>Vid</span> <span class='ocrx_word' id='word_1_234' title='bbox 995 2886 1074 2940; x_wconf 80' lang='lat' dir='ltr'>Fuhr.</span> <span class='ocrx_word' id='word_1_235' title='bbox 1086 2885 1197 2952; x_wconf 79' lang='lat' dir='ltr'>Pytheas</span> <span class='ocrx_word' id='word_1_236' title='bbox 1208 2906 1257 2940; x_wconf 78' lang='lat' dir='ltr'>aas</span> 
     </span>
     <span class='ocr_line' id='line_1_27' title="bbox 138 2951 1258 3022; baseline 0.003 -17"><span class='ocrx_word' id='word_1_237' title='bbox 138 2955 267 3016; x_wconf 84' lang='lat' dir='ltr'>Massilia,</span> <span class='ocrx_word' id='word_1_238' title='bbox 283 2971 308 3019; x_wconf 88' lang='lat' dir='ltr'>p.</span> <span class='ocrx_word' id='word_1_239' title='bbox 323 2960 362 3007; x_wconf 82' lang='grc'>74.</span> <span class='ocrx_word' id='word_1_240' title='bbox 381 2997 413 3005; x_wconf 80' lang='grc'>-.</span> <span class='ocrx_word' id='word_1_241' title='bbox 432 2954 524 3017; x_wconf 73' lang='lat' dir='ltr'>scribit,</span> <span class='ocrx_word' id='word_1_242' title='bbox 541 2953 626 3006; x_wconf 83' lang='lat' dir='ltr'>RTd¹</span> <span class='ocrx_word' id='word_1_243' title='bbox 643 2951 773 3017; x_wconf 88' lang='lat' dir='ltr'>(Robert.)</span> <span class='ocrx_word' id='word_1_244' title='bbox 793 2955 835 3018; x_wconf 82' lang='lat' dir='ltr'>qni</span> <span class='ocrx_word' id='word_1_245' title='bbox 845 2954 935 3016; x_wconf 78' lang='lat' dir='ltr'>scribit,</span> <span class='ocrx_word' id='word_1_246' title='bbox 947 2957 983 3006; x_wconf 83' lang='lat' dir='ltr'>a¹.</span> <span class='ocrx_word' id='word_1_247' title='bbox 1001 2955 1107 3022; x_wconf 81' lang='lat' dir='ltr'>scripsit,</span> <span class='ocrx_word' id='word_1_248' title='bbox 1121 2952 1206 3021; x_wconf 52' lang='grc' dir='ltr'>αἳβγ.</span> <span class='ocrx_word' id='word_1_249' title='bbox 1226 2997 1258 3008; x_wconf 89' lang='lat'>...</span> 
     </span>
     <span class='ocr_line' id='line_1_28' title="bbox 138 3020 1259 3089; baseline 0 -16"><span class='ocrx_word' id='word_1_250' title='bbox 138 3023 313 3088; x_wconf 63' lang='lat' dir='ltr'>septentrioni,</span> <span class='ocrx_word' id='word_1_251' title='bbox 334 3024 359 3075; x_wconf 85' lang='lat' dir='ltr'>R</span> <span class='ocrx_word' id='word_1_252' title='bbox 377 3020 404 3086; x_wconf 72' lang='grc' dir='ltr'>(ἒ</span> <span class='ocrx_word' id='word_1_253' title='bbox 423 3039 456 3074; x_wconf 89' lang='lat' dir='ltr'>ex</span> <span class='ocrx_word' id='word_1_254' title='bbox 476 3021 553 3086; x_wconf 88' lang='lat' dir='ltr'>corr.)</span> <span class='ocrx_word' id='word_1_255' title='bbox 571 3065 602 3074; x_wconf 86' lang='lat'>..</span> <span class='ocrx_word' id='word_1_256' title='bbox 620 3020 771 3085; x_wconf 80' lang='lat' dir='ltr'>Brittannia,</span> <span class='ocrx_word' id='word_1_257' title='bbox 791 3023 828 3074; x_wconf 79' lang='lat' dir='ltr'>R..</span> <span class='ocrx_word' id='word_1_258' title='bbox 841 3066 873 3074; x_wconf 80' lang='grc'><strong>-</strong></span> <span class='ocrx_word' id='word_1_259' title='bbox 893 3023 1021 3089; x_wconf 79' lang='lat' dir='ltr'>quaedam,</span> <span class='ocrx_word' id='word_1_260' title='bbox 1033 3025 1082 3075; x_wconf 89' lang='lat' dir='ltr'>R¹.</span> <span class='ocrx_word' id='word_1_261' title='bbox 1101 3066 1133 3075; x_wconf 82' lang='lat'>..</span> <span class='ocrx_word' id='word_1_262' title='bbox 1151 3026 1259 3088; x_wconf 72' lang='lat' dir='ltr'>insama,</span> 
     </span>
     <span class='ocr_line' id='line_1_29' title="bbox 138 3087 1258 3156; baseline 0.005 -17"><span class='ocrx_word' id='word_1_263' title='bbox 138 3105 161 3139; x_wconf 86' lang='grc' dir='ltr'>σ.</span> <span class='ocrx_word' id='word_1_264' title='bbox 181 3132 213 3140; x_wconf 88' lang='grc'>..</span> <span class='ocrx_word' id='word_1_265' title='bbox 234 3087 405 3152; x_wconf 81' lang='lat' dir='ltr'>Camalodnno,</span> <span class='ocrx_word' id='word_1_266' title='bbox 417 3095 454 3142; x_wconf 86' lang='lat' dir='ltr'>ad</span> <span class='ocrx_word' id='word_1_267' title='bbox 466 3088 591 3154; x_wconf 73' lang='lat' dir='ltr'>(nichel.)</span> <span class='ocrx_word' id='word_1_268' title='bbox 606 3089 763 3153; x_wconf 78' lang='lat' dir='ltr'>Gmaladnno,</span> <span class='ocrx_word' id='word_1_269' title='bbox 774 3090 806 3142; x_wconf 85' lang='lat' dir='ltr'>R.</span> <span class='ocrx_word' id='word_1_270' title='bbox 824 3088 1000 3153; x_wconf 75' lang='lat' dir='ltr'>Camaiadnnm</span> <span class='ocrx_word' id='word_1_271' title='bbox 1012 3094 1067 3145; x_wconf 82' lang='lat' dir='ltr'>ST.</span> <span class='ocrx_word' id='word_1_272' title='bbox 1084 3090 1258 3156; x_wconf 76' lang='lat' dir='ltr'>Cameladaao,</span> 
     </span>
     <span class='ocr_line' id='line_1_30' title="bbox 138 3157 1298 3237; baseline 0.002 -29"><span class='ocrx_word' id='word_1_273' title='bbox 138 3176 158 3209; x_wconf 91' lang='lat' dir='ltr'>r.</span> <span class='ocrx_word' id='word_1_274' title='bbox 173 3158 379 3222; x_wconf 78' lang='lat' dir='ltr'>Calamaladnno,</span> <span class='ocrx_word' id='word_1_275' title='bbox 392 3161 496 3210; x_wconf 84' lang='lat' dir='ltr'>Robcrt.</span> <span class='ocrx_word' id='word_1_276' title='bbox 515 3202 547 3210; x_wconf 82' lang='grc'>-</span> <span class='ocrx_word' id='word_1_277' title='bbox 568 3157 661 3221; x_wconf 77' lang='grc' dir='ltr'><strong>00,Β.</strong></span> <span class='ocrx_word' id='word_1_278' title='bbox 681 3157 798 3223; x_wconf 80' lang='lat' dir='ltr'>ducentis,</span> <span class='ocrx_word' id='word_1_279' title='bbox 811 3157 903 3226; x_wconf 70' lang='lat' dir='ltr'>adstr.</span> <span class='ocrx_word' id='word_1_280' title='bbox 928 3203 959 3211; x_wconf 88' lang='lat'>..</span> <span class='ocrx_word' id='word_1_281' title='bbox 984 3161 1061 3224; x_wconf 84' lang='lat' dir='ltr'>milia,</span> <span class='ocrx_word' id='word_1_282' title='bbox 1073 3162 1119 3211; x_wconf 65' lang='lat' dir='ltr'>Ra</span> <span class='ocrx_word' id='word_1_283' title='bbox 1142 3159 1258 3237; x_wconf 72' lang='lat' dir='ltr'>milldms2</span> <span class='ocrx_word' id='word_1_284' title='bbox 1296 3181 1298 3185; x_wconf 58' lang='lat'><strong><em>¹</em></strong></span> 
     </span>
     <span class='ocr_line' id='line_1_31' title="bbox 138 3222 1259 3292; baseline 0.002 -16"><span class='ocrx_word' id='word_1_285' title='bbox 138 3222 229 3291; x_wconf 58' lang='lat' dir='ltr'>adds.</span> <span class='ocrx_word' id='word_1_286' title='bbox 248 3228 304 3279; x_wconf 88' lang='lat' dir='ltr'>Om.</span> <span class='ocrx_word' id='word_1_287' title='bbox 316 3227 366 3279; x_wconf 67' lang='lat'>1³¹.</span> <span class='ocrx_word' id='word_1_288' title='bbox 386 3270 417 3278; x_wconf 91' lang='lat'>..</span> <span class='ocrx_word' id='word_1_289' title='bbox 434 3227 604 3292; x_wconf 77' lang='lat' dir='ltr'>ynomonicem,</span> <span class='ocrx_word' id='word_1_290' title='bbox 616 3244 638 3278; x_wconf 80' lang='lat' dir='ltr'>a</span> <span class='ocrx_word' id='word_1_291' title='bbox 652 3236 675 3277; x_wconf 90' lang='lat' dir='ltr'>et</span> <span class='ocrx_word' id='word_1_292' title='bbox 687 3243 755 3292; x_wconf 83' lang='lat' dir='ltr'>quem</span> <span class='ocrx_word' id='word_1_293' title='bbox 766 3247 788 3278; x_wconf 86' lang='lat' dir='ltr'>a.</span> <span class='ocrx_word' id='word_1_294' title='bbox 800 3245 944 3292; x_wconf 74' lang='lat' dir='ltr'>poemenem,</span> <span class='ocrx_word' id='word_1_295' title='bbox 956 3230 1022 3279; x_wconf 84' lang='lat' dir='ltr'>Pint.</span> <span class='ocrx_word' id='word_1_296' title='bbox 1035 3271 1066 3279; x_wconf 77' lang='grc'><strong>-</strong></span> <span class='ocrx_word' id='word_1_297' title='bbox 1079 3229 1259 3292; x_wconf 77' lang='lat' dir='ltr'>Anaximenes,</span> 
     </span>
     <span class='ocr_line' id='line_1_32' title="bbox 137 3292 1257 3358; baseline 0.003 -14"><span class='ocrx_word' id='word_1_298' title='bbox 137 3292 187 3344; x_wconf 90' lang='lat' dir='ltr'>R¹.</span> <span class='ocrx_word' id='word_1_299' title='bbox 206 3336 237 3344; x_wconf 85' lang='lat'>..</span> <span class='ocrx_word' id='word_1_300' title='bbox 255 3295 450 3358; x_wconf 82' lang='lat' dir='ltr'>Anaximandri,</span> <span class='ocrx_word' id='word_1_301' title='bbox 466 3297 537 3347; x_wconf 80' lang='lat' dir='ltr'>R²a</span> <span class='ocrx_word' id='word_1_302' title='bbox 556 3297 689 3355; x_wconf 75' lang='lat' dir='ltr'>Anaxima,</span> <span class='ocrx_word' id='word_1_303' title='bbox 701 3295 737 3345; x_wconf 87' lang='lat' dir='ltr'>R¹</span> <span class='ocrx_word' id='word_1_304' title='bbox 748 3313 771 3345; x_wconf 91' lang='lat' dir='ltr'>a.</span> <span class='ocrx_word' id='word_1_305' title='bbox 798 3299 863 3347; x_wconf 87' lang='lat' dir='ltr'>Post</span> <span class='ocrx_word' id='word_1_306' title='bbox 878 3299 926 3348; x_wconf 87' lang='lat' dir='ltr'>has</span> <span class='ocrx_word' id='word_1_307' title='bbox 937 3297 1033 3347; x_wconf 88' lang='lat' dir='ltr'>litteras</span> <span class='ocrx_word' id='word_1_308' title='bbox 1045 3298 1133 3348; x_wconf 86' lang='lat' dir='ltr'>iisdem</span> <span class='ocrx_word' id='word_1_309' title='bbox 1145 3300 1172 3348; x_wconf 91' lang='lat' dir='ltr'>in</span> <span class='ocrx_word' id='word_1_310' title='bbox 1185 3300 1257 3349; x_wconf 89' lang='lat' dir='ltr'>codd.</span> 
     </span>
     <span class='ocr_line' id='line_1_33' title="bbox 137 3359 1256 3427; baseline 0.004 -15"><span class='ocrx_word' id='word_1_311' title='bbox 137 3359 206 3424; x_wconf 85' lang='lat' dir='ltr'>(Ra)</span> <span class='ocrx_word' id='word_1_312' title='bbox 224 3371 363 3427; x_wconf 84' lang='lat' dir='ltr'>sequuntur</span> <span class='ocrx_word' id='word_1_313' title='bbox 374 3360 538 3414; x_wconf 85' lang='lat' dir='ltr'>acellatusam</span> <span class='ocrx_word' id='word_1_314' title='bbox 550 3405 581 3412; x_wconf 85' lang='grc'><strong>-</strong></span> <span class='ocrx_word' id='word_1_315' title='bbox 594 3360 696 3413; x_wconf 79' lang='lat' dir='ltr'>altstedi</span> <span class='ocrx_word' id='word_1_316' title='bbox 707 3361 744 3424; x_wconf 80' lang='lat'>(4,</span> <span class='ocrx_word' id='word_1_317' title='bbox 758 3367 849 3424; x_wconf 71' lang='grc'>67-5,</span> <span class='ocrx_word' id='word_1_318' title='bbox 862 3363 925 3427; x_wconf 60' lang='lat' dir='ltr'>aa).</span> <span class='ocrx_word' id='word_1_319' title='bbox 943 3367 974 3414; x_wconf 92' lang='lat' dir='ltr'>Iu</span> <span class='ocrx_word' id='word_1_320' title='bbox 987 3366 1072 3414; x_wconf 87' lang='lat' dir='ltr'>codice</span> <span class='ocrx_word' id='word_1_321' title='bbox 1084 3382 1100 3414; x_wconf 86' lang='lat' dir='ltr'>a</span> <span class='ocrx_word' id='word_1_322' title='bbox 1111 3367 1191 3416; x_wconf 87' lang='lat' dir='ltr'>altera</span> <span class='ocrx_word' id='word_1_323' title='bbox 1202 3382 1256 3416; x_wconf 85' lang='lat' dir='ltr'>me-</span> 
     </span>
     <span class='ocr_line' id='line_1_34' title="bbox 136 3428 1258 3496; baseline 0.002 -16"><span class='ocrx_word' id='word_1_324' title='bbox 136 3446 184 3481; x_wconf 90' lang='lat' dir='ltr'>nus</span> <span class='ocrx_word' id='word_1_325' title='bbox 206 3432 314 3494; x_wconf 86' lang='lat' dir='ltr'>margini</span> <span class='ocrx_word' id='word_1_326' title='bbox 326 3432 458 3495; x_wconf 82' lang='lat' dir='ltr'>adscripsit</span> <span class='ocrx_word' id='word_1_327' title='bbox 468 3432 545 3480; x_wconf 87' lang='lat' dir='ltr'>verba</span> <span class='ocrx_word' id='word_1_328' title='bbox 555 3430 719 3480; x_wconf 75' lang='lat' dir='ltr'>Anaximenes</span> <span class='ocrx_word' id='word_1_329' title='bbox 730 3428 850 3480; x_wconf 87' lang='lat' dir='ltr'>Milesias</span> <span class='ocrx_word' id='word_1_330' title='bbox 864 3472 896 3483; x_wconf 84' lang='lat'>..</span> <span class='ocrx_word' id='word_1_331' title='bbox 909 3433 1070 3482; x_wconf 83' lang='lat' dir='ltr'>observavere</span> <span class='ocrx_word' id='word_1_332' title='bbox 1091 3440 1116 3480; x_wconf 86' lang='lat' dir='ltr'>et</span> <span class='ocrx_word' id='word_1_333' title='bbox 1128 3441 1258 3496; x_wconf 85' lang='lat' dir='ltr'>praeterea</span> 
     </span>
     <span class='ocr_line' id='line_1_35' title="bbox 136 3496 1261 3564; baseline 0.002 -17"><span class='ocrx_word' id='word_1_334' title='bbox 136 3499 212 3548; x_wconf 89' lang='lat' dir='ltr'>haec:</span> <span class='ocrx_word' id='word_1_335' title='bbox 232 3515 262 3548; x_wconf 89' lang='lat' dir='ltr'>ea</span> <span class='ocrx_word' id='word_1_336' title='bbox 274 3516 336 3562; x_wconf 84' lang='lat' dir='ltr'>qaae</span> <span class='ocrx_word' id='word_1_337' title='bbox 347 3508 493 3560; x_wconf 80' lang='lat' dir='ltr'>sequanmur</span> <span class='ocrx_word' id='word_1_338' title='bbox 505 3513 552 3547; x_wconf 86' lang='lat' dir='ltr'>non</span> <span class='ocrx_word' id='word_1_339' title='bbox 563 3499 676 3562; x_wconf 75' lang='lat' dir='ltr'>tepenter</span> <span class='ocrx_word' id='word_1_340' title='bbox 688 3497 722 3547; x_wconf 89' lang='lat' dir='ltr'>ita</span> <span class='ocrx_word' id='word_1_341' title='bbox 734 3505 762 3547; x_wconf 86' lang='lat' dir='ltr'>nt</span> <span class='ocrx_word' id='word_1_342' title='bbox 772 3498 866 3564; x_wconf 86' lang='lat' dir='ltr'>scripta</span> <span class='ocrx_word' id='word_1_343' title='bbox 877 3509 941 3549; x_wconf 85' lang='lat' dir='ltr'>sunt.</span> <span class='ocrx_word' id='word_1_344' title='bbox 954 3496 1001 3547; x_wconf 91' lang='lat' dir='ltr'>sed</span> <span class='ocrx_word' id='word_1_345' title='bbox 1015 3515 1045 3549; x_wconf 87' lang='lat' dir='ltr'>ea</span> <span class='ocrx_word' id='word_1_346' title='bbox 1062 3516 1126 3564; x_wconf 84' lang='lat' dir='ltr'>qaae</span> <span class='ocrx_word' id='word_1_347' title='bbox 1142 3501 1261 3562; x_wconf 80' lang='lat' dir='ltr'>subsequi</span> 
     </span>
     <span class='ocr_line' id='line_1_36' title="bbox 137 3563 1257 3634; baseline 0.003 -22"><span class='ocrx_word' id='word_1_348' title='bbox 137 3563 222 3615; x_wconf 88' lang='lat' dir='ltr'>dehent</span> <span class='ocrx_word' id='word_1_349' title='bbox 233 3565 390 3630; x_wconf 81' lang='lat' dir='ltr'>requirantur</span> <span class='ocrx_word' id='word_1_350' title='bbox 400 3566 424 3615; x_wconf 86' lang='lat' dir='ltr'>in</span> <span class='ocrx_word' id='word_1_351' title='bbox 435 3566 591 3630; x_wconf 73' lang='lat' dir='ltr'>sequentibus</span> <span class='ocrx_word' id='word_1_352' title='bbox 602 3565 644 3614; x_wconf 83' lang='lat' dir='ltr'>nbi</span> <span class='ocrx_word' id='word_1_353' title='bbox 653 3563 790 3616; x_wconf 83' lang='lat' dir='ltr'>huiusmodi</span> <span class='ocrx_word' id='word_1_354' title='bbox 791 3568 882 3634; x_wconf 76' lang='lat' dir='ltr'>fiana</span> <span class='ocrx_word' id='word_1_355' title='bbox 895 3577 930 3617; x_wconf 86' lang='lat' dir='ltr'>est</span> <span class='ocrx_word' id='word_1_356' title='bbox 941 3568 983 3618; x_wconf 77' lang='lat' dir='ltr'>(D</span> <span class='ocrx_word' id='word_1_357' title='bbox 996 3569 1078 3630; x_wconf 83' lang='lat' dir='ltr'>sicque</span> <span class='ocrx_word' id='word_1_358' title='bbox 1092 3584 1138 3633; x_wconf 87' lang='lat' dir='ltr'>per</span> <span class='ocrx_word' id='word_1_359' title='bbox 1150 3565 1257 3618; x_wconf 86' lang='lat' dir='ltr'>ordinem</span> 
     </span>
     <span class='ocr_line' id='line_1_37' title="bbox 137 3630 1256 3700; baseline 0.004 -21"><span class='ocrx_word' id='word_1_360' title='bbox 137 3630 208 3699; x_wconf 74' lang='lat' dir='ltr'>lepito</span> <span class='ocrx_word' id='word_1_361' title='bbox 228 3649 303 3698; x_wconf 83' lang='lat' dir='ltr'>usqne</span> <span class='ocrx_word' id='word_1_362' title='bbox 324 3630 360 3683; x_wconf 90' lang='lat' dir='ltr'>ad</span> <span class='ocrx_word' id='word_1_363' title='bbox 370 3634 448 3698; x_wconf 81' lang='lat' dir='ltr'>finem</span> <span class='ocrx_word' id='word_1_364' title='bbox 469 3634 575 3685; x_wconf 81' lang='lat' dir='ltr'>eiusdem</span> <span class='ocrx_word' id='word_1_365' title='bbox 596 3632 654 3684; x_wconf 85' lang='lat' dir='ltr'>libri</span> <span class='ocrx_word' id='word_1_366' title='bbox 673 3635 740 3684; x_wconf 83' lang='lat' dir='ltr'>etsie</span> <span class='ocrx_word' id='word_1_367' title='bbox 753 3634 845 3700; x_wconf 80' lang='lat' dir='ltr'>incipe:</span> <span class='ocrx_word' id='word_1_368' title='bbox 863 3631 999 3698; x_wconf 72' lang='lat' dir='ltr'>Babylonii</span> <span class='ocrx_word' id='word_1_369' title='bbox 1011 3650 1062 3698; x_wconf 89' lang='lat' dir='ltr'>seq.</span> <span class='ocrx_word' id='word_1_370' title='bbox 1081 3635 1158 3685; x_wconf 89' lang='lat' dir='ltr'>Ianus</span> <span class='ocrx_word' id='word_1_371' title='bbox 1170 3641 1256 3684; x_wconf 87' lang='lat' dir='ltr'>antem</span> 
     </span>
     <span class='ocr_line' id='line_1_38' title="bbox 136 3700 1257 3767; baseline 0.002 -19"><span class='ocrx_word' id='word_1_372' title='bbox 136 3701 201 3750; x_wconf 83' lang='lat' dir='ltr'>haec</span> <span class='ocrx_word' id='word_1_373' title='bbox 220 3702 362 3751; x_wconf 81' lang='lat' dir='ltr'>adnotavit:</span> <span class='ocrx_word' id='word_1_374' title='bbox 388 3700 475 3763; x_wconf 86' lang='lat' dir='ltr'>„Illud</span> <span class='ocrx_word' id='word_1_375' title='bbox 496 3703 597 3765; x_wconf 83' lang='lat' dir='ltr'>signum</span> <span class='ocrx_word' id='word_1_376' title='bbox 617 3717 675 3750; x_wconf 87' lang='lat' dir='ltr'>cum</span> <span class='ocrx_word' id='word_1_377' title='bbox 696 3703 857 3765; x_wconf 88' lang='lat' dir='ltr'>sequentibus</span> <span class='ocrx_word' id='word_1_378' title='bbox 877 3703 958 3752; x_wconf 76' lang='lat' dir='ltr'>verbis</span> <span class='ocrx_word' id='word_1_379' title='bbox 975 3703 1169 3767; x_wconf 82' lang='lat' dir='ltr'>inveniturpost</span> <span class='ocrx_word' id='word_1_380' title='bbox 1180 3702 1257 3751; x_wconf 80' lang='lat' dir='ltr'>rerba</span> 
     </span>
     <span class='ocr_line' id='line_1_39' title="bbox 136 3761 1257 3833; baseline 0.004 -18"><span class='ocrx_word' id='word_1_381' title='bbox 136 3761 193 3816; x_wconf 86' lang='lat' dir='ltr'>libri</span> <span class='ocrx_word' id='word_1_382' title='bbox 201 3768 235 3818; x_wconf 88' lang='lat' dir='ltr'>V.</span> <span class='ocrx_word' id='word_1_383' title='bbox 254 3770 387 3819; x_wconf 81' lang='lat' dir='ltr'>cubitorem</span> <span class='ocrx_word' id='word_1_384' title='bbox 399 3769 528 3820; x_wconf 82' lang='lat' dir='ltr'>altitudine</span> <span class='ocrx_word' id='word_1_385' title='bbox 541 3770 673 3831; x_wconf 84' lang='lat' dir='ltr'>inveniant,</span> <span class='ocrx_word' id='word_1_386' title='bbox 685 3778 745 3833; x_wconf 83' lang='lat' dir='ltr'>post</span> <span class='ocrx_word' id='word_1_387' title='bbox 755 3771 861 3833; x_wconf 84' lang='lat' dir='ltr'>longam</span> <span class='ocrx_word' id='word_1_388' title='bbox 872 3786 993 3830; x_wconf 89' lang='lat' dir='ltr'>rasuram,</span> <span class='ocrx_word' id='word_1_389' title='bbox 1006 3771 1049 3819; x_wconf 91' lang='lat' dir='ltr'>ubi</span> <span class='ocrx_word' id='word_1_390' title='bbox 1061 3769 1169 3820; x_wconf 86' lang='lat' dir='ltr'>fortasse</span> <span class='ocrx_word' id='word_1_391' title='bbox 1180 3771 1257 3819; x_wconf 81' lang='lat' dir='ltr'>verba</span> 
     </span>
     <span class='ocr_line' id='line_1_40' title="bbox 136 3834 1255 3899; baseline 0 -15"><span class='ocrx_word' id='word_1_392' title='bbox 136 3834 178 3884; x_wconf 86' lang='lat' dir='ltr'>dri</span> <span class='ocrx_word' id='word_1_393' title='bbox 182 3835 380 3884; x_wconf 83' lang='lat' dir='ltr'>-obsernavere</span> <span class='ocrx_word' id='word_1_394' title='bbox 391 3837 484 3899; x_wconf 85' lang='lat' dir='ltr'>scripta</span> <span class='ocrx_word' id='word_1_395' title='bbox 496 3837 590 3887; x_wconf 87' lang='lat' dir='ltr'>erant.’&#39;</span> <span class='ocrx_word' id='word_1_396' title='bbox 603 3837 721 3887; x_wconf 80' lang='lat' dir='ltr'>Ceterum</span> <span class='ocrx_word' id='word_1_397' title='bbox 732 3838 799 3887; x_wconf 87' lang='lat' dir='ltr'>Pint.</span> <span class='ocrx_word' id='word_1_398' title='bbox 809 3837 912 3887; x_wconf 89' lang='lat' dir='ltr'>coniicit</span> <span class='ocrx_word' id='word_1_399' title='bbox 923 3838 1018 3888; x_wconf 85' lang='lat' dir='ltr'>invenit</span> <span class='ocrx_word' id='word_1_400' title='bbox 1028 3835 1145 3888; x_wconf 73' lang='lat' dir='ltr'>Milesius</span> <span class='ocrx_word' id='word_1_401' title='bbox 1156 3835 1255 3887; x_wconf 78' lang='lat' dir='ltr'>Anasi-</span> 
     </span>
     <span class='ocr_line' id='line_1_41' title="bbox 136 3898 1253 3969; baseline 0.004 -19"><span class='ocrx_word' id='word_1_402' title='bbox 136 3898 239 3950; x_wconf 88' lang='lat' dir='ltr'>mander</span> <span class='ocrx_word' id='word_1_403' title='bbox 249 3901 280 3950; x_wconf 91' lang='lat' dir='ltr'>de</span> <span class='ocrx_word' id='word_1_404' title='bbox 292 3918 339 3965; x_wconf 83' lang='lat' dir='ltr'>qno</span> <span class='ocrx_word' id='word_1_405' title='bbox 351 3900 458 3952; x_wconf 78' lang='lat' dir='ltr'>dirimas</span> <span class='ocrx_word' id='word_1_406' title='bbox 467 3904 616 3967; x_wconf 81' lang='lat' dir='ltr'>primusque,</span> <span class='ocrx_word' id='word_1_407' title='bbox 629 3906 698 3967; x_wconf 91' lang='lat' dir='ltr'>qnod</span> <span class='ocrx_word' id='word_1_408' title='bbox 708 3903 802 3954; x_wconf 85' lang='lat' dir='ltr'>refutat</span> <span class='ocrx_word' id='word_1_409' title='bbox 814 3904 920 3954; x_wconf 88' lang='lat' dir='ltr'>Salmas.</span> <span class='ocrx_word' id='word_1_410' title='bbox 934 3919 1015 3954; x_wconf 88' lang='lat' dir='ltr'>exerc.</span> <span class='ocrx_word' id='word_1_411' title='bbox 1028 3920 1053 3969; x_wconf 90' lang='lat' dir='ltr'>p.</span> <span class='ocrx_word' id='word_1_412' title='bbox 1066 3911 1123 3956; x_wconf 82' lang='grc'><strong>445.</strong></span> <span class='ocrx_word' id='word_1_413' title='bbox 1136 3905 1160 3954; x_wconf 89' lang='lat' dir='ltr'>b.</span> <span class='ocrx_word' id='word_1_414' title='bbox 1172 3907 1202 3954; x_wconf 80' lang='lat' dir='ltr'>F.</span> <span class='ocrx_word' id='word_1_415' title='bbox 1222 3945 1253 3954; x_wconf 91' lang='grc'>..</span> 
     </span>
     <span class='ocr_line' id='line_1_42' title="bbox 136 3966 1255 4037; baseline 0.007 -21"><span class='ocrx_word' id='word_1_416' title='bbox 136 3966 248 4016; x_wconf 74' lang='lat' dir='ltr'>dirimas</span> <span class='ocrx_word' id='word_1_417' title='bbox 263 3966 278 4027; x_wconf 70' lang='grc' dir='ltr'><strong>ξ</strong></span> <span class='ocrx_word' id='word_1_418' title='bbox 291 3974 331 4019; x_wconf 83' lang='grc'>31.</span> <span class='ocrx_word' id='word_1_419' title='bbox 351 4010 382 4018; x_wconf 91' lang='grc'>..</span> <span class='ocrx_word' id='word_1_420' title='bbox 402 3967 545 4034; x_wconf 83' lang='lat' dir='ltr'>discipulus,</span> <span class='ocrx_word' id='word_1_421' title='bbox 557 3972 611 4020; x_wconf 85' lang='lat' dir='ltr'>Rd.</span> <span class='ocrx_word' id='word_1_422' title='bbox 630 3980 652 4019; x_wconf 86' lang='lat' dir='ltr'>et</span> <span class='ocrx_word' id='word_1_423' title='bbox 668 3968 777 4021; x_wconf 84' lang='lat' dir='ltr'>Thaletis</span> <span class='ocrx_word' id='word_1_424' title='bbox 794 3968 927 4035; x_wconf 76' lang='lat' dir='ltr'>discipulus</span> <span class='ocrx_word' id='word_1_425' title='bbox 942 3969 1023 4037; x_wconf 66' lang='lat' dir='ltr'>Khr.¹</span> <span class='ocrx_word' id='word_1_426' title='bbox 1040 3973 1127 4022; x_wconf 88' lang='lat' dir='ltr'>Verba</span> <span class='ocrx_word' id='word_1_427' title='bbox 1143 3979 1167 4020; x_wconf 95' lang='lat' dir='ltr'>et</span> <span class='ocrx_word' id='word_1_428' title='bbox 1188 3969 1255 4023; x_wconf 77' lang='lat' dir='ltr'>Tta-</span> 
     </span>
     <span class='ocr_line' id='line_1_43' title="bbox 136 4033 1135 4103; baseline 0.003 -18"><span class='ocrx_word' id='word_1_429' title='bbox 136 4036 192 4085; x_wconf 88' lang='lat' dir='ltr'>Ietis</span> <span class='ocrx_word' id='word_1_430' title='bbox 203 4049 272 4099; x_wconf 90' lang='lat' dir='ltr'>pone</span> <span class='ocrx_word' id='word_1_431' title='bbox 282 4033 468 4086; x_wconf 75' lang='lat' dir='ltr'>Anasimmdri</span> <span class='ocrx_word' id='word_1_432' title='bbox 479 4038 591 4087; x_wconf 84' lang='lat' dir='ltr'>cohocat</span> <span class='ocrx_word' id='word_1_433' title='bbox 602 4041 639 4088; x_wconf 87' lang='lat' dir='ltr'>d².</span> <span class='ocrx_word' id='word_1_434' title='bbox 658 4079 690 4087; x_wconf 81' lang='grc'>-</span> <span class='ocrx_word' id='word_1_435' title='bbox 705 4039 899 4102; x_wconf 63' lang='lat' dir='ltr'>permiseras.</span> <span class='ocrx_word' id='word_1_436' title='bbox 914 4039 1010 4103; x_wconf 85' lang='lat' dir='ltr'>primas</span> <span class='ocrx_word' id='word_1_437' title='bbox 1023 4039 1071 4103; x_wconf 73' lang='lat' dir='ltr'>qui</span> <span class='ocrx_word' id='word_1_438' title='bbox 1083 4041 1135 4090; x_wconf 72' lang='grc' dir='ltr'>Τὰ.</span> 
     </span>
    </p>

    <p class='ocr_par' dir='ltr' id='par_1_23' title="bbox 135 4101 1255 4369">
     <span class='ocr_line' id='line_1_44' title="bbox 169 4101 1253 4171; baseline 0.006 -18"><span class='ocrx_word' id='word_1_439' title='bbox 169 4101 184 4162; x_wconf 70' lang='grc' dir='ltr'><strong>ξ</strong></span> <span class='ocrx_word' id='word_1_440' title='bbox 199 4109 255 4153; x_wconf 86' lang='grc'><strong>188.</strong></span> <span class='ocrx_word' id='word_1_441' title='bbox 273 4120 394 4164; x_wconf 76' lang='lat' dir='ltr'>creasses,</span> <span class='ocrx_word' id='word_1_442' title='bbox 407 4105 438 4154; x_wconf 87' lang='lat' dir='ltr'>R.</span> <span class='ocrx_word' id='word_1_443' title='bbox 456 4103 549 4154; x_wconf 86' lang='lat' dir='ltr'>Hausit</span> <span class='ocrx_word' id='word_1_444' title='bbox 561 4107 626 4154; x_wconf 88' lang='lat' dir='ltr'>haec</span> <span class='ocrx_word' id='word_1_445' title='bbox 636 4106 702 4154; x_wconf 88' lang='lat' dir='ltr'>Plin.</span> <span class='ocrx_word' id='word_1_446' title='bbox 715 4120 748 4154; x_wconf 89' lang='lat' dir='ltr'>ex</span> <span class='ocrx_word' id='word_1_447' title='bbox 760 4106 877 4154; x_wconf 84' lang='lat' dir='ltr'>Varrone</span> <span class='ocrx_word' id='word_1_448' title='bbox 889 4122 929 4170; x_wconf 88' lang='lat' dir='ltr'>ap.</span> <span class='ocrx_word' id='word_1_449' title='bbox 943 4106 1009 4157; x_wconf 86' lang='lat' dir='ltr'>Gell.</span> <span class='ocrx_word' id='word_1_450' title='bbox 1028 4113 1052 4165; x_wconf 88' lang='grc'>3,</span> <span class='ocrx_word' id='word_1_451' title='bbox 1065 4114 1088 4158; x_wconf 80' lang='lat'>2.</span> <span class='ocrx_word' id='word_1_452' title='bbox 1099 4150 1130 4158; x_wconf 71' lang='grc'>-</span> <span class='ocrx_word' id='word_1_453' title='bbox 1141 4108 1178 4158; x_wconf 88' lang='lat' dir='ltr'>ad</span> <span class='ocrx_word' id='word_1_454' title='bbox 1187 4125 1253 4171; x_wconf 76' lang='lat' dir='ltr'>mem,</span> 
     </span>
     <span class='ocr_line' id='line_1_45' title="bbox 135 4167 1255 4238; baseline 0.004 -18"><span class='ocrx_word' id='word_1_455' title='bbox 135 4171 237 4222; x_wconf 83' lang='lat' dir='ltr'>RTad.</span> <span class='ocrx_word' id='word_1_456' title='bbox 249 4173 274 4221; x_wconf 86' lang='lat' dir='ltr'>in</span> <span class='ocrx_word' id='word_1_457' title='bbox 286 4187 353 4232; x_wconf 70' lang='lat' dir='ltr'>mer,</span> <span class='ocrx_word' id='word_1_458' title='bbox 362 4167 412 4237; x_wconf 76' lang='grc' dir='ltr'>βγ.</span> <span class='ocrx_word' id='word_1_459' title='bbox 423 4172 560 4235; x_wconf 69' lang='lat' dir='ltr'>„finiere</span> <span class='ocrx_word' id='word_1_460' title='bbox 571 4167 715 4223; x_wconf 65' lang='lat' dir='ltr'>RTOadt</span> <span class='ocrx_word' id='word_1_461' title='bbox 729 4170 858 4233; x_wconf 75' lang='lat' dir='ltr'>diffiniere,</span> <span class='ocrx_word' id='word_1_462' title='bbox 870 4169 954 4237; x_wconf 71' lang='lat' dir='ltr'>d²d7.</span> <span class='ocrx_word' id='word_1_463' title='bbox 967 4213 995 4222; x_wconf 87' lang='grc'>..</span> <span class='ocrx_word' id='word_1_464' title='bbox 1008 4171 1110 4228; x_wconf 83' lang='lat' dir='ltr'>Minora</span> <span class='ocrx_word' id='word_1_465' title='bbox 1122 4177 1255 4238; x_wconf 82' lang='lat' dir='ltr'>maioreve,</span> 
     </span>
     <span class='ocr_line' id='line_1_46' title="bbox 137 4231 1050 4369; baseline 0.005 -84"><span class='ocrx_word' id='word_1_466' title='bbox 137 4231 210 4356; x_wconf 65' lang='grc' dir='ltr'>(9.Ρῖ</span> <span class='ocrx_word' id='word_1_467' title='bbox 222 4238 321 4356; x_wconf 43' lang='lat' dir='ltr'>simplem,</span> <span class='ocrx_word' id='word_1_468' title='bbox 333 4241 420 4291; x_wconf 63' lang='lat' dir='ltr'>Rau.</span> <span class='ocrx_word' id='word_1_469' title='bbox 432 4240 558 4300; x_wconf 82' lang='lat' dir='ltr'>civitatem,</span> <span class='ocrx_word' id='word_1_470' title='bbox 570 4238 618 4289; x_wconf 55' lang='grc' dir='ltr'>ΒΗ</span> <span class='ocrx_word' id='word_1_471' title='bbox 637 4240 715 4302; x_wconf 84' lang='lat' dir='ltr'>limite,</span> <span class='ocrx_word' id='word_1_472' title='bbox 726 4241 751 4290; x_wconf 85' lang='lat' dir='ltr'><strong>R</strong></span> <span class='ocrx_word' id='word_1_473' title='bbox 763 4242 795 4290; x_wconf 88' lang='lat' dir='ltr'>ad</span> <span class='ocrx_word' id='word_1_474' title='bbox 806 4254 886 4302; x_wconf 85' lang='lat' dir='ltr'>marg.</span> <span class='ocrx_word' id='word_1_475' title='bbox 1010 4307 1050 4369; x_wconf 62' lang='grc'>12</span> 
     </span>
    </p>

    <p class='ocr_par' dir='ltr' id='par_1_24' title="bbox 207 4320 282 4356">
     <span class='ocr_line' id='line_1_47' title="bbox 207 4320 282 4356; baseline 0 0"><span class='ocrx_word' id='word_1_476' title='bbox 207 4320 244 4356; x_wconf 74' lang='lat' dir='ltr'>nt.</span> <span class='ocrx_word' id='word_1_477' title='bbox 277 4345 282 4356; x_wconf 95' lang='lat'>.</span> 
     </span>
    </p>
   </div>
   <div class='ocr_carea' id='block_1_5' title="bbox 0 0 1448 4794">
    <p class='ocr_par' dir='ltr' id='par_1_25' title="bbox 0 0 1448 4794">
     <span class='ocr_line' id='line_1_48' title="bbox 0 0 1448 4794; baseline 0 0"><span class='ocrx_word' id='word_1_478' title='bbox 0 0 1448 4794; x_wconf 95' lang='lat' dir='ltr'> </span> 
     </span>
    </p>
   </div>
  </div>
 </body>
</html>
