2888 4794
204 304 223 345 L
666 299 856 343 rmrnrlo.

204 457 242 515 tis
257 463 304 514 est
317 461 464 526 oneratus,
485 453 530 512 uti
544 447 596 526 33,
614 447 665 511 26.
679 452 708 511 in
724 452 823 511 codice
837 449 864 508 Β
878 452 1016 510 scribitur
1029 455 1089 512 cita
1104 455 1280 529 priscorum,
1300 423 1338 514 in³

204 569 224 624 h
239 575 270 624 et
282 566 348 624 edd.
368 563 496 639 vulgatis
512 565 676 639 priscorum
696 565 765 633 cito,
788 581 855 620 cum
869 561 992 620 VRdil
1013 569 1093 623 recte
1110 581 1203 623 unum
1224 582 1332 626 nomen

204 678 263 736 vito
276 682 446 750 agnoscant,
468 680 569 732 etant
587 673 650 750 ipse
669 678 723 731 aut
742 674 836 730 codex
856 671 1034 757 erchetppus
1048 690 1168 731 manum
1184 674 1265 734 docti
1278 676 1331 735 eli·

203 785 286 844 cuius
300 784 411 843 librarii
424 785 628 844 emendantem
642 790 672 842 et
685 783 910 859 interpolentem
924 791 971 841 est
986 789 1135 860 expertus.
1158 784 1207 843 Ita
1216 779 1270 858 34,
1280 782 1332 845 17.

202 913 256 972 pro
274 898 431 972 prorepant·
455 894 620 954 faciliorem
639 894 795 953 lectionem
821 892 912 952 habet
932 896 1112 970 preproperi,
1138 894 1241 954 eodem
1266 895 1332 954 loco

201 1009 295 1066 antris
309 1024 364 1083 pro
378 1007 483 1095 etnim,-
503 999 555 1078 34,
571 1000 623 1064 88.
645 1023 713 1064 cum
726 1002 836 1062 nomini
851 1007 960 1082 infante
981 1023 1019 1062 ex
1038 1005 1172 1080 sequenti
1191 1006 1332 1065 adverbio

119 1197 122 1201 ⁴
201 1117 400 1176 miserabiliter
419 1114 602 1174 adhaesisset
614 1115 713 1173 littera
726 1135 764 1187 nc,
787 1114 887 1172 stetim
906 1096 977 1189 posi
995 1132 1050 1191 pro
1068 1115 1229 1175 blandiente
1241 1115 1332 1174 inter·

202 1225 335 1302 polatum
354 1231 400 1283 est
418 1225 604 1284 blandientem
609 1248 620 1292 ,·
640 1219 693 1295 35,
710 1219 739 1283 9.
761 1231 839 1282 recte
859 1241 926 1282 cnm
947 1222 1038 1300 vulgo
1057 1224 1203 1283 scribetur
1221 1245 1331 1298 cmm,

203 1354 241 1393 ex
262 1353 321 1410 quo
341 1335 372 1394 in
390 1333 457 1392 aliis
471 1335 556 1394 codd.
576 1333 662 1393 solito
680 1353 778 1392 errore
792 1332 903 1392 iactum
919 1339 965 1391 est
978 1350 1052 1405 eam,
1072 1334 1210 1394 librarius
1225 1330 1332 1395 codicis

202 1416 367 1522 s'seopsre
386 1446 485 1512 uun·
513 1437 655 1517 35,139.
675 1444 756 1520 quoe
774 1444 806 1502 ει
827 1442 910 1501 eone
930 1444 1016 1502 eece.
1039 1443 1176 1503 emerem
1194 1447 1231 1504 ae
1252 1446 1331 1518 oca,

203 1555 234 1612 in
255 1554 320 1613 aliis
340 1562 510 1632 corruptum
531 1553 562 1612 in
579 1563 687 1625 αυοεια,
709 1551 739 1610 in
757 1553 821 1611 aliis
840 1559 998 1640 mutatum,
1019 1560 1055 1611 ut
1072 1560 1150 1612 certe
1172 1571 1260 1614 voees
1281 1555 1333 1612 ad·

204 1670 312 1736 esseut,
332 1663 386 1723 avo
403 1674 430 1723 et
448 1683 478 1735 a,
498 1661 525 1720 B
545 1663 755 1739 interpolatum
775 1664 894 1722 exhibet
912 1683 931 1722 a
944 1665 1083 1732 Βοεοιία,ο
1104 1658 1157 1738 36,
1171 1659 1224 1724 41.
1239 1665 1333 1741 vulgo

204 1791 272 1833 cum
286 1781 365 1834 recte
378 1774 496 1849 legatur
509 1776 562 1833 olii
575 1776 723 1849 reliquium
735 1767 791 1854 (sc.
806 1766 966 1853 leaenam),
980 1773 1011 1832 in
1025 1771 1052 1830 Β
1067 1780 1112 1831 εει
1124 1774 1333 1850 interpolatum

203 1904 275 1944 aare
289 1888 417 1962 liparam,
439 1885 518 1960 quod
537 1893 636 1943 ortum
657 1891 754 1942 estex
766 1901 826 1942 nou
839 1883 990 1942 intellecto
1004 1881 1224 1956 ALIRELIG,
1238 1885 1283 1943 uti
1300 1885 1332 1943 in

204 1996 303 2054 codiee
324 1998 484 2074 archetypo
505 1995 647 2073 scriptum
668 1993 781 2064 iuerat3
812 1988 864 2067 36,
888 1988 939 2053 74.
959 2012 1014 2070 pro
1041 2012 1076 2053 eo
1099 1994 1179 2069 qnod
1203 1993 1332 2070 vulgos

204 2105 306 2163 multis
325 2106 468 2179 bonisque
488 2104 636 2162 codicibus
656 2110 736 2162 recte
756 2104 863 2180 legitur
883 2106 913 2162 in
934 2105 1090 2177 molitione,
1109 2104 1142 2163 in
1160 2103 1229 2163 eliis
1247 2104 1332 2163 varia

205 2215 318 2273 ratione
337 2214 536 2290 deturpatum,
556 2212 582 2272 B
602 2190 857 2290 interpolationem
876 2213 930 2272 sibi
951 2214 1101 2291 propriam
1120 2213 1209 2273 habet
1226 2215 1258 2272 in
1276 2217 1332 2274 im·
1424 2289 1427 2295 .

206 2328 365 2384 molatione.
390 2322 474 2397 Quae
493 2324 592 2382 omnia
610 2323 647 2381 de
668 2324 840 2382 auctoritate
854 2324 962 2383 codicis
977 2321 1004 2380 Β
1018 2323 1171 2400 hucusque
1184 2323 1334 2400 fflsputata

209 2453 276 2494 cum
290 2452 306 2491 e
320 2434 404 2493 libris
417 2432 744 2493 XXXII-xxxvl.
760 2434 852 2512 petita
866 2403 934 2505 sint}
954 2432 1134 2510 loquendum
1152 2434 1212 2493 ianr
1232 2440 1278 2493 est
1297 2435 1334 2493 de
1431 2408 1438 2416 “

150 2625 163 2634 ἢ
208 2544 285 2604 libro
298 2539 493 2616 XXXVII„
515 2544 565 2620 qui
584 2563 603 2603 a
620 2545 767 2621 prioribus
787 2544 868 2604 libris
887 2543 1103 2620 aliquantulum
1120 2544 1228 2605 differt.
1254 2541 1334 2604 Nam

208 2655 323 2714 etiamsi
341 2655 390 2714 hic
410 2673 528 2732 quoque
550 2654 627 2712 liber
645 2673 662 2712 e
682 2655 779 2713 codice
794 2661 905 2712 ceteros
920 2671 1021 2713 omncs
1035 2655 1163 2714 multum
1177 2663 1335 2732 superante

209 2773 255 2824 est
268 2765 441 2844 descriptus,
453 2766 532 2840 quod
547 2784 615 2824 cum
628 2783 667 2822 ex
680 2765 841 2822 innumeris
856 2763 921 2822 eliis
935 2763 1018 2835 locis,
1035 2770 1100 2823 tum
1115 2784 1153 2823 ex
1164 2767 1196 2835 ἐξ
1207 2758 1258 2824 80.
1270 2759 1334 2836 81.,

208 2874 260 2933 ubi
278 2875 358 2934 solus
380 2882 544 2933 ceterorum
566 2875 698 2933 codicum
719 2872 959 2949 interpolationes
979 2873 1098 2951 putidas
1119 2872 1281 2946 convincit,
1304 2879 1335 2930 et

210 2988 242 3054 §5
264 2979 451 3043 183-187.
477 2983 710 3042 luculentissime
734 2983 929 3042 demonstrari
952 2990 1068 3060 potest,
1097 2984 1150 3044 ubi
1175 2983 1335 3060 scripturae

210 3092 352 3168 vulgatae
371 3092 610 3170 interpolationes
630 3092 822 3169 perspicimus
844 3093 974 3167 quidem,
995 3100 1037 3166 at,
1058 3093 1128 3168 quia
1145 3093 1195 3152 hic
1208 3093 1292 3152 locus
1304 3092 1335 3150 in

200 3199 237 3260 ·B
256 3201 373 3273 excidit,
395 3202 467 3277 quid
485 3202 522 3261 iis
541 3200 705 3260 iaciendum
726 3202 765 3260 sit
783 3203 941 3276 nescimus,
970 3211 1069 3262 tamen
1088 3201 1167 3272 lons,
1188 3203 1266 3261 unde
1286 3201 1336 3261 hic

210 3312 285 3371 hber
298 3320 344 3371 est
357 3312 518 3385 derivatus,
538 3313 569 3372 in
586 3314 757 3371 universum
777 3311 874 3371 minus
888 3312 945 3371 luit
957 3313 1087 3389 liquidus
1100 3328 1189 3388 quam
1202 3311 1337 3388 priorum

210 3422 361 3481 librorum.
389 3421 508 3481 Etenim
526 3442 586 3482 non
608 3423 696 3483 modo
715 3424 746 3482 in
771 3423 897 3498 singulis
916 3424 1082 3482 nomimbns
1101 3423 1195 3483 codex
1211 3419 1238 3480 B
1256 3422 1337 3481 hunc

212 3552 265 3611 per
281 3532 390 3592 librum
410 3541 456 3592 est
474 3533 668 3611 interpolatus
689 3527 748 3614 (uti
763 3536 778 3603 ἓ
792 3529 834 3606 4.,
850 3533 901 3592 ubi
914 3544 954 3593 tot
967 3536 1109 3610 praelatis
1128 3540 1273 3593 mutatum
1292 3537 1337 3590 est

211 3645 243 3702 in
258 3647 400 3721 praelatis
413 3647 510 3704 multis
517 3668 529 3712 ,·
549 3647 564 3713 ἓ
580 3638 643 3715 85.,
658 3643 710 3701 ubi
723 3643 904 3720 lepidissima
916 3643 1008 3702 uenia
1015 3646 1191 3722 feminarum
1204 3651 1336 3703 senmur-

212 3757 338 3814 coneulto
357 3762 420 3813 tote
441 3754 584 3812 exstincte
605 3760 650 3810 est
670 3771 723 3828 per
741 3742 993 3827 interpolationem
1011 3757 1188 3831 seminarum
1212 3754 1337 3817 inclinor

214 3858 296 3933 592.
316 3881 434 3938 gemma
453 3864 598 3938 quaedam
618 3861 710 3936 vulgo
730 3862 835 3921 dicitur
847 3860 1014 3938 lanpuidius
1029 3846 1183 3943 refnlpene,
1202 3880 1257 3940 pro
1278 3878 1338 3937 que

215 3972 543 4052 eleganti‘metonymia
560 3973 592 4032 in
611 3969 638 4030 B
659 3972 754 4031 ieiune
774 3973 914 4049 scriptum
934 3972 1042 4050 legitur
1064 3977 1159 4035 minos
1178 3976 1340 4051 rescriptos,-

216 4086 231 4151 §
247 4076 319 4140 149.
334 4101 389 4158 pro
402 4085 488 4142 oliam
502 4095 595 4143 cutem
609 4075 788 4163 (gemmam)
810 4101 894 4158 qnam
908 4079 1012 4143 Belum
1031 4095 1133 4145 vocant
1151 4081 1222 4142 iuB
1240 4083 1340 4157 inepte
1386 4150 1398 4163 ,

216 4201 261 4251 est
280 4193 491 4269 transpositum
512 4199 543 4250 et
559 4192 769 4269 interpolatum
787 4192 889 4251 Belum
910 4203 1003 4252 antem
1021 4197 1108 4255 alione
1127 4213 1213 4271 quom
1232 4193 1273 4253 sic
1292 4209 1340 4251 vo·
