2888 4794
178 244 238 329 136
528 257 731 303 aerumma
754 257 950 303 ursroarnn

176 435 233 478 ora
252 411 364 498 populi
383 409 559 475 meridiano
574 410 813 475 transcucurrit.
840 407 918 473 Duo
932 430 1052 496 genera
1066 431 1194 474 earum:
1218 410 1299 475 larn-

175 514 279 601 padas
301 523 418 578 vocant
438 511 533 598 plane
556 510 645 588 facis,
668 509 804 576 alterum
826 510 960 589 bohdas‚
987 512 1080 596 quale
1101 509 1300 578 Mutinensi-

177 616 239 681 bus
271 615 364 681 mahs
397 614 503 678 visum
536 623 595 677 est.
639 610 772 676 Distant
804 612 890 696 quod
923 612 1011 678 faces
1040 613 1178 703 vestigia
1203 614 1302 701 longa

177 717 321 795 faciunt,
349 716 455 802 priore
483 714 617 780 ardente
643 723 757 800 parte,
786 714 867 781 bolis
895 736 971 780 vero
1000 725 1158 801 perpetua
1183 715 1302 783 ardens

175 818 353 907 longiorem
374 816 473 882 trahit
493 816 637 882 hmitem.

219 922 271 985 26.
299 919 450 985 Emicant
477 930 509 983 et
536 918 644 982 trabes
674 917 767 981 simili
794 918 911 997 modo,
940 938 1022 1002 quas
1045 920 1152 988 δοκοὺς
1173 930 1301 998 vocant,

180 1021 286 1109 qualis
319 1044 394 1087 cum
425 1019 678 1085 Lacedaemonii
709 1020 812 1085 classe
844 1020 921 1085 victi
952 1020 1113 1105 inperium
1143 1018 1303 1088 Graeciae

175 1122 325 1188 amisere.
359 1121 416 1186 Fit
438 1131 470 1186 et
493 1120 574 1186 caeli
595 1120 699 1205 ipsius
720 1120 838 1199 hiatus,
862 1121 949 1206 quod
970 1132 1087 1187 vocant
1108 1123 1248 1189 chasma.

218 1223 370 1290 XXVII.
408 1224 460 1288 27.
482 1222 539 1287 Fit
561 1233 594 1289 et
615 1223 791 1308 sanguinea
812 1221 919 1307 specie
941 1222 1021 1309 (quo
1035 1223 1114 1289 nihil
1130 1224 1303 1291 terribilius
1316 1241 1350 1288 97

177 1326 358 1393 mortalium
374 1324 479 1390 timori
495 1322 559 1411 est)
580 1324 766 1390 incendium
785 1324 948 1390 adterras
971 1326 1088 1392 cadens
1109 1326 1195 1405 inde,
1219 1326 1305 1392 sicut

177 1427 368 1515 olympiadis
390 1427 583 1493 centesimae
606 1438 772 1513 septumae
793 1449 876 1492 anno
899 1427 992 1493 tertio
1004 1475 1014 1506 ,
1045 1450 1118 1492 cum
1142 1450 1202 1495 rex
1221 1426 1303 1492 Phi·

177 1530 286 1618 lippus
302 1526 474 1595 Graeciam
490 1539 646 1614 quateret.
678 1527 787 1614 Atque
810 1551 870 1615 ego
886 1528 972 1608 haec
993 1529 1085 1593 statis
1108 1528 1304 1615 temporibus

178 1642 313 1699 naturae
326 1640 364 1696 ut
383 1641 491 1696 cetera
512 1629 648 1696 arbitror
669 1631 835 1709 exsistere,
857 1653 921 1696 non
935 1642 973 1696 ut
985 1630 1132 1718 plerique
1146 1630 1243 1696 variis
1261 1631 1304 1696 de

180 1735 287 1800 causis
309 1756 390 1819 quas
411 1732 612 1820 ingeniorum
628 1755 763 1798 acumen
777 1733 949 1823 excogitat.
979 1732 1109 1822 Quippe
1123 1733 1305 1821 ingentium

179 1836 336 1901 malorum
359 1834 450 1901 fuere
471 1833 680 1921 praenuntia3
711 1835 769 1901 sed
797 1857 835 1900 ea
862 1834 1017 1900 accidisse
1042 1857 1106 1911 non
1127 1833 1205 1919 quia
1224 1834 1306 1901 haec

179 1936 267 2003 fecta
296 1948 371 2003 sunt
400 1935 556 2016 arbitror,
587 1959 700 2003 verum
724 1936 805 2002 haec
825 1936 898 2002 ideo
920 1936 1027 2018 facta,
1055 1936 1132 2022 quia
1156 1936 1306 2003 incasura

180 2049 273 2106 erant
285 2039 357 2118 illa3
380 2039 511 2104 raritate
526 2048 634 2103 autern
648 2039 805 2105 occultam
821 2061 931 2103 eorum
950 2061 1021 2105 esse
1040 2039 1196 2104 rationem
1214 2037 1305 2103 ideo-

181 2164 245 2226 que
259 2163 324 2206 non
339 2142 422 2206 sicut
440 2150 569 2206 exortus
589 2162 687 2226 supra
708 2139 810 2206 dictos
832 2140 1044 2225 defectusque
1067 2150 1101 2207 et
1121 2139 1222 2205 multa
1242 2137 1308 2204 alia

181 2263 279 2308 noscr.
1151 2270 1152 2273 ¹

224 2340 392 2410 XXVIH.
430 2345 482 2409 28.
505 2342 691 2411 Comuntur
713 2355 746 2410 et
767 2345 878 2411 stellae
899 2367 973 2410 curn
994 2344 1061 2410 sole
1083 2343 1158 2410 totis
1179 2342 1304 2424 diebus,
1320 2361 1353 2406 aa

181 2445 371 2532 plerumque
393 2456 425 2511 et
446 2446 531 2512 circa
551 2447 627 2512 solis
647 2446 758 2513 orbem
780 2470 841 2513 ceu
862 2447 989 2533 spiceae
1004 2468 1138 2512 coronae
1153 2455 1187 2510 et
1201 2444 1306 2510 versi-

183 2545 305 2613 colores
333 2547 464 2628 circuli‚
496 2549 633 2633 qualiter
657 2549 808 2636 Augusto
832 2546 972 2614 Caesare
993 2547 1028 2611 in
1048 2547 1152 2633 prima
1173 2546 1306 2612 iuventa

181 2647 296 2715 urbem
323 2648 462 2717 intrante
488 2662 562 2738 post
588 2651 712 2717 obitum
733 2651 835 2738 patris
856 2651 898 2715 ad
919 2671 1036 2715 nomen
1055 2650 1174 2735 ingens
1192 2668 1307 2734 capes·

183 2751 327 2818 sendum.
368 2751 507 2818 XXIX.
534 2751 706 2819 Exsistunt
728 2751 860 2818 eaedem
881 2772 1017 2817 coronae
1039 2749 1123 2815 circa
1143 2749 1253 2815 lunam
1274 2757 1309 2814 et
1387 2803 1394 2817 .

184 2855 269 2922 circa
289 2855 410 2921 nobilia
430 2866 517 2921 astra
538 2857 690 2939 caeloque
711 2851 917 2920 inhaerentia
1428 2856 1432 2867 '

223 3095 321 3158 loram,
342 3097 395 3147 Tr.
423 3139 454 3147 -
482 3096 672 3158 nenscncnrrit,
694 3097 797 3148 R'I'ad.
835 3095 997 3158 transcurrit,
1024 3097 1129 3146 Robert
1150 3091 1180 3158 β.
1215 3095 1308 3146 tranei·

183 3163 256 3224 verit,
276 3165 305 3213 P.
333 3205 365 3214 ..
393 3180 484 3226 eornm,
504 3165 527 3214 P
547 3161 710 3227 (Robertus.)
735 3207 766 3215 ..
795 3164 937 3229 lampadae,
960 3164 1029 3215 RSa
1045 3161 1178 3227 (Robert.)
1211 3162 1307 3229 lampa-

183 3231 233 3293 des,
249 3226 348 3296 Ρᾱβγ.
374 3229 521 3297 lampedius,
537 3233 614 3294 Pint,
631 3248 786 3296 quamquam
802 3234 900 3282 dubius.
924 3274 956 3281 ..
980 3247 1044 3293 aces,
1061 3245 1085 3281 σ.
1109 3271 1141 3280 ..
1164 3228 1213 3280 ulte
1229 3246 1308 3293 mum,

183 3297 233 3351 1³¹.
253 3339 284 3347 -
303 3298 408 3361 belides,
426 3301 455 3350 P.
480 3341 512 3350 ..
535 3299 628 3364 quales,
647 3302 677 3350 P.
701 3342 732 3351 ..
757 3316 821 3362 aces,
839 3314 862 3351 σ.
882 3341 914 3349 ..
933 3295 1042 3361 δοκοὺς,
1056 3315 1079 3351 a
1098 3297 1180 3360 docus,
1192 3289 1310 3350 mser

183 3362 315 3429 (Robert.)
328 3367 406 3429 docui,
419 3369 444 3420 R
454 3369 468 3416 ¹.
482 3369 579 3430 declus,
592 3370 644 3419 Td.
658 3367 753 3432 dechor,
765 3370 794 3419 P.
807 3369 885 3430 docos,
896 3363 925 3428 β.
939 3409 971 3416 -
989 3364 1082 3432 quales,
1093 3367 1116 3416 P
1128 3362 1260 3430 (Robert.)
1274 3405 1306 3414 ..

184 3449 260 3500 quem,
272 3447 314 3484 rer.
325 3470 365 3487 „,
383 3453 476 3498 carme,
488 3435 559 3487 3¹1².
577 3437 636 3488 Huc
647 3438 750 3501 respicit
761 3437 830 3489 Serv.
843 3439 876 3486 ed
887 3436 966 3498 Verg.
978 3435 1045 3486 Aen.
1058 3440 1082 3496 9,
1095 3441 1136 3484 20.

217 3503 286 3566 §97-
308 3503 407 3564 Ferunt,
424 3505 455 3556 Ρ.
475 3546 506 3553 -
525 3505 610 3570 speeie,
627 3497 745 3555 ROPar
761 3501 891 3567 (Robert)
916 3501 1006 3566 spmiee
1023 3511 1051 3562 et,
1069 3496 1119 3563 (ἱβ.
1143 3542 1175 3552 -
1197 3498 1261 3551 nihil
1277 3508 1306 3562 et,

182 3569 215 3621 R
234 3611 266 3619 -
284 3580 381 3633 terrem,
393 3572 422 3620 P.
443 3613 474 3621 ..
492 3571 634 3637 olympiade,
646 3587 671 3621 σ.
689 3611 722 3622 ..
740 3571 882 3622 centesimae
892 3569 1014 3634 septimae,
1029 3570 1104 3620 Pad.
1122 3567 1164 3619 cui
1177 3567 1203 3618 in
1218 3583 1261 3628 me,
1273 3568 1306 3618 R.

183 3637 329 3700 centesimae,
341 3639 446 3690 Robert.
465 3681 497 3689 ..
516 3648 613 3704 quarto,
624 3640 703 3691 Hard.
723 3679 754 3688 ..
773 3655 814 3704 eye
825 3641 891 3699 laec,
903 3639 971 3688 Rad
987 3633 1118 3699 (Robert.)
1142 3651 1176 3698 ee,
1192 3637 1223 3686 Ρ.
1246 3636 1306 3685 naec

184 3713 234 3770 epo,
245 3701 298 3769 βγ.
317 3747 348 3756 -
366 3707 443 3770 stam,
454 3711 528 3759 codd.
541 3707 649 3759 Gelenii.
668 3706 740 3767 satie,
751 3706 856 3758 areu
875 3705 945 3767 reth,
957 3723 970 3755 r
982 3702 1123 3767 (Robert),
1133 3705 1203 3769 quod
1213 3703 1306 3766 probet

183 3773 271 3830 Heius.
284 3776 340 3824 adv.
351 3790 376 3839 p.
391 3781 447 3832 541.
466 3775 547 3836 tantis,
559 3777 589 3829 Ρ.
608 3815 640 3825 ..
658 3773 783 3835 incasura,
795 3788 819 3823 σ.
833 3815 865 3823 ..
883 3783 975 3835 errant,
988 3773 1036 3823 3².
1051 3813 1083 3822 ..
1100 3771 1155 3835 ille,
1167 3786 1218 3823 om.
1229 3769 1259 3821 P.
1272 3809 1305 3819 ..

184 3839 290 3891 raritate
301 3851 381 3894 antem
392 3842 517 3904 occultam,
528 3843 593 3898 Rad
606 3839 692 3904 (codd.
704 3842 817 3903 Barbari,
822 3839 940 3904 Robert.)
953 3840 1078 3891 raritatem
1090 3847 1170 3890 antem
1182 3836 1306 3899 occultam,

183 3909 213 3965 P.
232 3909 335 3960 raritate
346 3911 458 3962 amonem
470 3908 585 3961 occultam
598 3918 683 3971 entem,
694 3923 718 3958 σ.
738 3951 769 3959 ..
787 3907 849 3971 ulia,
862 3925 912 3960 om.
924 3907 1006 3960 ΒΨ.
1026 3949 1057 3958 ..
1076 3906 1152 3970 nosci,
1168 3907 1194 3958 R
1215 3903 1253 3969 (ci
1273 3921 1307 3957 ex

184 3974 262 4040 corr.)
274 3979 319 4028 ad.
337 3978 412 4039 nasci,
423 3979 453 4028 Ρ.
466 3978 524 4029 Om.
536 3978 640 4027 Robsrt

218 4045 233 4108 5
251 4050 291 4095 98.
314 4045 416 4110 spiceae,
437 4037 548 4096 Oradr
565 4042 694 4107 (Robert.)
715 4044 787 4110 spice,
803 4046 835 4096 R.
859 4039 1011 4109 speeiePss.
1036 4085 1067 4093 -
1085 4043 1218 4104 iterantem,
1229 4056 1254 4092 σ.
1274 4082 1305 4091 -

169 4111 300 4172 *Eumene
311 4112 341 4162 P.
358 4114 417 4164 viu
430 4113 536 4166 Ariston
548 4115 654 4170 Memor,
668 4119 691 4173 3,
705 4118 728 4163 a.
741 4128 766 4177 p.
778 4112 855 4174 8711‘,
868 4119 908 4163 23.
926 4153 958 4161 ..
980 4111 1083 4172 eaedem,
1095 4111 1163 4162 Rad
1175 4106 1306 4173 (Robert)

185 4188 272 4241 certae,
292 4179 321 4228 P.
349 4221 380 4229 ..
407 4179 512 4242 modilia,
532 4181 562 4230 P.
591 4223 622 4230 -
649 4179 770 4245 coeloque,
791 4181 934 4232 RSTPdr
954 4175 1086 4242 (Rohcrt.)
1112 4177 1181 4228 caelo
1203 4192 1305 4243 quoqne,

186 4242 255 4310 αβγ.
275 4287 305 4296 ..
325 4245 503 4310 inhaerentiae,
514 4249 546 4298 R.
560 4290 591 4298 ,
605 4249 694 4310 circus,
705 4249 734 4299 P.
755 4291 786 4298 ..
805 4258 828 4298 et
847 4247 885 4310 Q,
901 4250 930 4299 Ρ.
954 4244 1011 4308 ΙΙΙ,
1031 4244 1070 4308 Q,
1091 4238 1149 4298 θΚ.
1169 4287 1200 4296 -
1217 4244 1306 4305 Fabio,
