2888 4794
198 299 260 365 258
549 317 752 365 seruantis
776 318 971 366 nrsronrss

197 470 363 555 eporedias
389 467 476 534 Galli
499 469 598 534 bonos
621 492 776 554 equorum
799 469 970 537 domitores
992 483 1125 549 vocant3
1154 473 1331 543 Vercellae
1349 497 1397 540 rra

195 570 382 637 Libicorum
405 594 445 636 ex
461 568 612 636 Salluviis
626 582 726 650 ortae,
749 571 889 638 Novaria
904 596 944 638 ex
959 573 1238 642 Vertacomacoris
1253 577 1329 645 Vo-

195 674 371 738 contiorum
393 673 553 758 hodieque
574 695 671 762 pago,
693 697 756 740 non
779 676 832 761 (ut
847 673 930 740 Cato
945 676 1133 763 existumat)
1148 676 1327 766 Ligurum,

193 796 234 838 ex
256 775 373 859 quibus
394 774 497 840 Laevi
521 785 553 840 et
575 773 692 840 Marici
712 775 884 841 condidere
906 775 1056 842 'licinum
1083 801 1147 844 non
1169 784 1283 865 procul
1306 808 1328 849 a

192 875 293 953 Pad0,
323 877 407 942 sicut
427 876 500 942 Boii
523 876 754 963 Transalpibus
783 878 921 962 profecti
946 876 1095 944 Laudem
1116 881 1325 968 Pompeiam,

191 977 344 1045 Insubres
358 977 591 1044 Mediolanum.
620 976 813 1044 Orobiorum
837 979 945 1064 stirpis
968 1001 1039 1044 esse
1062 977 1199 1046 Comum
1222 994 1326 1068 atque

85 1080 87 1084 ’
190 1078 385 1166 Bergomum
415 1090 448 1144 et
468 1078 682 1145 Liciniforum
709 1079 831 1163 aliquot
858 1080 943 1145 circa
969 1082 1105 1167 populos
1132 1095 1243 1149 auctor
1271 1099 1326 1153 est

191 1179 290 1259 Cato,
320 1181 378 1246 sed
407 1181 563 1267 originem
584 1181 691 1269 gentis
712 1180 861 1268 ignorare
882 1204 917 1246 se
939 1182 1077 1262 fatetur,
1106 1206 1203 1267 quam
1225 1187 1327 1254 docet

191 1278 361 1347 Cornelius
383 1282 570 1347 Alexander
592 1293 696 1347 ortam
723 1306 743 1348 a
763 1280 912 1362 Graecia,
934 1285 1198 1370 interpretatione
1221 1290 1323 1356 etiarn

189 1384 327 1448 nominis
353 1385 452 1449 vitam
477 1383 510 1446 in
538 1383 699 1449 montibus
721 1383 918 1472 degentium.
952 1384 992 1448 In
1017 1385 1078 1452 hoc
1107 1389 1171 1453 situ
1196 1389 1324 1457 interiit
1339 1412 1387 1454 ras

189 1487 345 1573 oppidum
368 1484 562 1553 Orobiorum
584 1485 695 1563 Parra,
719 1485 806 1550 unde
822 1485 1033 1574 Bergomates
1055 1486 1137 1554 Cato
1159 1490 1243 1556 dixit
1263 1517 1321 1559 or-

189 1597 256 1665 tos,
285 1590 459 1653 etiamnum
485 1587 640 1675 prodente
671 1609 705 1651 se
733 1586 829 1651 altius
858 1599 953 1671 quam
983 1589 1178 1656 fortunatius
1207 1594 1319 1662 situm.

188 1689 343 1757 Interiere
366 1700 399 1756 et
423 1687 597 1778 Caturiges
618 1687 793 1755 Insubrum
815 1690 944 1753 exsules
965 1699 998 1754 et
1020 1687 1123 1778 Spina
1145 1716 1245 1781 supra
1265 1697 1320 1760 di-

189 1802 252 1872 cta,
274 1793 352 1858 item
368 1791 517 1879 Melpum
538 1791 701 1879 opulentia
723 1791 944 1876 praecipuum,
968 1793 1055 1875 quod
1069 1794 1110 1881 ab
1124 1794 1319 1875 Insubribus

190 1906 223 1960 et
249 1895 339 1961 Boiis
366 1905 399 1960 et
427 1893 611 1960 Senonibus
637 1893 778 1957 deletum
806 1913 876 1957 esse
908 1915 946 1958 eo
979 1893 1030 1959 die
1064 1882 1128 1980 quo
1158 1894 1319 1967 Camillus

189 1998 289 2064 Veios
312 1998 434 2085 ceperit
454 1996 566 2082 Nepos
588 1992 758 2061 Cornelius
780 1994 921 2058 tradidit.

190 2207 300 2272 praefert
314 2207 427 2268 Madvig.
445 2220 532 2268 opusc.
549 2204 620 2253 acad.
638 2202 659 2251 Ι.
678 2216 703 2264 p.
721 2207 789 2262 288,
806 2202 850 2264 qui
866 2203 928 2251 scite
945 2203 1048 2266 quidem
1059 2207 1092 2255 ad
1108 2206 1180 2258 iussa
1195 2205 1317 2274 Sibyllina

190 2277 324 2325 asserenda
338 2276 426 2323 laudat
442 2269 567 2335 Sibyllina
583 2267 692 2319 remedio
710 2276 750 2329 ll,
768 2275 823 2318 105.
852 2269 903 2320 Sed
919 2278 948 2319 ut
963 2279 1062 2322 taceam
1079 2274 1155 2325 insen
1178 2291 1232 2327 non
1252 2287 1316 2342 apto

190 2342 248 2392 loco
260 2343 372 2405 positum
383 2341 470 2396 videri,
481 2339 530 2388 nisi
541 2338 608 2387 forte
618 2337 762 2399 Madvigius
774 2337 838 2385 illud
849 2338 927 2399 paulo
944 2339 1079 2390 violentius
1095 2357 1162 2405 pone
1179 2343 1316 2410 Sibyllinis

190 2410 334 2459 transiicere
345 2409 414 2468 velit,
427 2408 549 2470 scriptura
559 2406 664 2467 vulgata
675 2421 692 2454 a
701 2405 775 2454 nobis
785 2413 911 2466 revocata,
923 2408 995 2457 cuius
1006 2410 1124 2460 notitiam
1135 2412 1173 2461 vir
1183 2422 1315 2476 praestan-

190 2478 303 2527 tissimus
318 2491 372 2526 non
387 2475 485 2536 habuit,
503 2482 529 2523 et
545 2488 633 2523 omnes
650 2472 811 2522 difficultates
829 2474 925 2536 optime
939 2475 1015 2525 solvit
1032 2485 1057 2526 et
1074 2483 1203 2540 quomodo
1216 2490 1315 2533 ceterae

190 2545 312 2595 lectiones
324 2553 395 2594 ortae
407 2545 465 2604 sint,
477 2543 544 2592 clare
556 2545 637 2592 docet.
658 2541 843 2604 Interpolatam
855 2556 888 2590 ne
899 2556 955 2591 eam
972 2545 1092 2608 dicamus,
1110 2547 1217 2611 impedit
1232 2552 1314 2601 oratio

190 2629 244 2663 nou
260 2615 320 2664 satis
337 2613 464 2677 expedita,
481 2626 546 2675 quae
563 2610 713 2672 sapientiam
730 2609 888 2658 librariorum
904 2625 958 2659 non
973 2614 1077 2662 redolet.
1104 2614 1150 2664 Uti
1163 2631 1224 2666 vero
1235 2633 1313 2668 nomo

191 2682 368 2744 offenderetur,
386 2681 408 2731 si
423 2681 522 2731 Plinius
539 2679 686 2742 simpliciter
697 2679 809 2742 dixisset
826 2676 895 2727 libris
913 2676 965 2728 Sib.
983 2681 1056 2731 condi
1071 2679 1173 2744 ineram,
1190 2685 1226 2735 ita
1236 2689 1315 2737 verba

190 2767 208 2799 a
216 2769 273 2816 pop.
285 2748 358 2800 Rom.
381 2751 466 2799 addita
483 2748 653 2798 duriusculam
669 2746 771 2809 quidem
787 2748 896 2795 reddunt
907 2748 1055 2810 orationem,
1067 2753 1112 2800 sed
1122 2754 1313 2804 excusationem

189 2825 242 2869 tam
258 2821 291 2868 ab
308 2818 431 2868 orationis
448 2831 539 2880 genere
554 2817 686 2875 Pliniana,
704 2829 781 2877 quam
797 2831 814 2863 a
828 2815 977 2864 necessitate
995 2832 1045 2879 qua
1061 2819 1147 2869 addita
1162 2829 1222 2871 sunt
1237 2821 1313 2873 facilc

188 2887 324 2936 Invenient.
355 2927 386 2935 ..
415 2885 563 2950 Eporediae,
582 2884 635 2933 Τὰ.
665 2879 829 2948 saporositas,
854 2882 888 2931 A.
917 2879 1077 2947 Sepusedt'as,
1102 2889 1133 2937 R.
1168 2887 1312 2955 Yporadt'rsg

188 2954 279 3004 Ambr.
290 2956 325 3005 II.
337 2954 404 3003 Rob.
427 2950 567 3016 Yporedios,
578 2952 668 3001 Ambr.
680 2951 703 3000 I.
721 2949 872 3014 Iporede'cos,
883 2967 903 3000 r.
920 2947 1083 3015 Eporedicas,
1094 2950 1123 3014 β.

223 3021 309 3082 §lta
342 3018 477 3086 Vergellaa
498 3021 547 3069 R'.
581 3019 711 3084 Verqiiloe,
732 3021 755 3067 d.
782 3059 814 3066 ..
840 3016 987 3080 Liuianum,
1007 3022 1031 3069 d.
1050 3018 1208 3086 Labiciornm,
1229 3026 1312 3076 RAT

189 3085 292 3150 (Ambr.
310 3084 359 3149 Π.)
389 3085 547 3144 Libitioram‚
563 3087 589 3134 K
606 3082 707 3146 (Ambr.
725 3085 745 3134 Ι.
762 3083 857 3146 Laud.)
887 3084 1055 3151 Libyeioruns,
1073 3104 1097 3138 σ.
1125 3132 1157 3141 ..
1183 3089 1312 3155 Sattann,

189 3157 303 3216 Broter.;
315 3157 365 3204 vid.
378 3157 392 3218 ς
405 3160 446 3204 36.
459 3157 500 3204 47.
523 3149 618 3213 Salvis,
630 3154 657 3203 A
673 3151 775 3214 (Ambr.
788 3153 809 3202 Ι.
820 3151 915 3216 Laud.)
934 3153 1013 3216 Salis,
1025 3171 1048 3205 σ.
1070 3156 1150 3220 Ainis,
1162 3160 1194 3209 R.
1216 3159 1312 3223 Alton,

190 3226 214 3274 d.
232 3220 332 3287 Sollyis,
344 3223 448 3272 Barbar.
460 3215 489 3282 β.
508 3218 602 3281 Satan,
615 3222 694 3270 altera
704 3222 810 3270 Barbari
823 3222 975 3271 coniectura.
994 3264 1026 3274 ..
1051 3225 1270 3290 Vertaoonocoria,
1278 3231 1312 3279 R.

197 3290 383 3350 Vertamocoris,
395 3290 429 3339 A.
459 3287 646 3356 Vertamocoria
659 3291 675 3338 d
688 3286 789 3347 (Ambr.
800 3290 822 3339 I.
834 3287 929 3351 Laud.)
958 3289 1145 3356 Vertoeornoris,
1156 3310 1180 3344 o.
1204 3316 1248 3344 ..fl
1264 3296 1312 3346 Vo-

190 3358 330 3422 contiorum,
349 3360 420 3408 codd.
436 3359 540 3408 Barbar.
564 3397 595 3406 ..
616 3373 690 3422 poyo,
705 3357 751 3407 Rd
767 3353 853 3419 (codd.
864 3356 983 3420 Barbar.)
1002 3376 1079 3424 papa,
1091 3363 1124 3412 A.
1138 3377 1227 3428 payns,
1239 3377 1263 3412 σ.
1276 3405 1310 3414 ,..

194 3426 264 3489 Cato,
276 3429 325 3477 vid.
342 3429 449 3487 Kressa,
464 3425 582 3490 fragmm.
599 3426 689 3476 histor.
706 3428 782 3475 Rom.
800 3440 825 3488 p.
840 3431 897 3475 120.
919 3437 951 3474 -·
974 3423 1060 3489 Laevi,
1072 3431 1175 3480 RAad.
1197 3427 1269 3492 Levi,
1281 3428 1311 3493 β.

191 3496 272 3557 eoin
300 3536 331 3546 ..
362 3496 387 3546 Τ
386 3494 571 3554 sbieinam,Td.
598 3535 630 3544 ..
662 3491 851 3558 Transalpibus,
863 3494 985 3544 RAadc.
1012 3494 1222 3563 nansAlpeass.
1248 3500 1311 3550 Vid.

190 3564 257 3615 Gell.
277 3570 316 3625 15,
328 3571 369 3614 30.
388 3604 419 3612 ..
437 3562 550 3627 prefecti,
563 3562 686 3611 RAade.
700 3561 818 3625 provecti,
830 3554 859 3621 β.
874 3601 905 3609 -
927 3561 1077 3625 Orobiorum,
1092 3565 1216 3617 Pertusat.
1228 3568 1311 3618 Laud.

192 3631 394 3693 Mancinum,
411 3632 444 3680 R.
474 3629 641 3691 Orbooiornra
658 3631 683 3678 d.
712 3627 941 3689 Orornobionrm,A.
971 3629 1158 3694 Oromonioram,
1178 3635 1268 3685 Ambr.
1289 3638 1311 3688 I.

191 3697 386 3759 Cenomanorum,
398 3698 488 3748 Ambr.
505 3698 539 3747 II.
566 3738 597 3745 ..
626 3705 699 3761 atque
718 3694 873 3762 Bergomum,
889 3712 940 3745 om.
957 3699 988 3747 R.
1015 3740 1047 3748 -
1073 3697 1242 3766 Ιιιόἰηῇοναιιι,
1254 3703 1311 3754 Aa.

190 3762 366 3847 lipinisoran
382 3768 430 3816 Rd
446 3762 549 3826 (Ambr.
564 3762 614 3825 Π.)
638 3765 828 3830 Liqninifornrn,
843 3765 924 3814 Laud.
947 3763 1120 3831 Lignaforum,
1135 3771 1226 3820 Ambr.
1237 3772 1259 3820 1.
1277 3813 1310 3822 ..

189 3834 291 3901 aliquot,
307 3836 341 3885 A.
368 3833 476 3898 aliquod,
492 3834 546 3883 Rd.
573 3832 680 3896 aliquos,
696 3848 720 3882 σ.
747 3841 771 3881 et
787 3832 894 3898 aliquot,
910 3827 960 3897 βγ.
987 3875 1019 3884 ...
1048 3831 1311 3902 Octavianam,

187 3902 305 3968 fragmm.
317 3904 407 3953 histor.
419 3903 494 3951 Rom.
508 3917 532 3965 p.
547 3907 603 3951 121.
623 3943 654 3951 ..
672 3917 690 3950 a
704 3900 818 3962 Graecia,
830 3903 861 3952 R.
884 3897 1001 3963 Graecia,
1013 3906 1037 3953 d.
1064 3900 1204 3968 Graeciam,
1220 3906 1254 3956 A.
1278 3949 1310 3956 -

188 3970 420 4037 interpretationem,
433 3970 457 4018 d.
476 4011 508 4018 -
526 3969 671 4035 degentiam,
683 3970 717 4020 A.
736 3971 882 4033 degentibus,
894 3965 994 4034 Rossr.

223 4037 308 4098 5125.
329 4036 602 4099 contineamur.
611 4038 646 4089 Π.
661 4037 863 4101 Orumbivs'oram,
871 4037 902 4086 R.
918 4036 1310 4104 Omnonaram‚A(Amha1.)

192 4101 396 4167 Orumboinorum,
409 4109 432 4156 d.
453 4104 655 4168 Orombooiornm,
667 4108 748 4157 Laud.
768 4147 800 4156 -
824 4106 919 4166 Porro,
930 4107 1006 4157 RAd
1018 4105 1120 4168 (Ambr.
1132 4111 1154 4159 L
1165 4108 1202 4158 11.
1213 4109 1310 4171 Laud.)

189 4172 301 4235 Borrae,
312 4170 341 4237 β,
358 4172 455 4234 Barra,
467 4188 492 4237 γ.
511 4215 542 4223 -
566 4171 634 4234 Cato,
646 4174 696 4225 vid.
707 4175 725 4224 l.
738 4175 755 4224 l.
768 4215 799 4223 ..
814 4175 930 4238 prodente
942 4192 975 4236 se,
987 4175 1062 4227 Ado.
1076 4177 1219 4241 prodentes,
1231 4179 1263 4228 Β.
1276 4219 1307 4227 ..

187 4238 267 4301 sitan,
278 4243 334 4292 BA
342 4233 429 4291 OTdr
440 4237 541 4302 (Ambr.
553 4238 588 4304 I.)
606 4241 662 4304 sita,
673 4244 754 4294 Laud
766 4241 855 4293 Ambr.
867 4245 902 4299 Π.
920 4240 971 4304 siti,
982 4256 1006 4292 σ.
1023 4243 1092 4307 sitos,
1101 4240 1131 4306 β.
1148 4285 1182 4296 ..
1208 4241 1310 4295 Oman-

186 4321 239 4374 yer,
251 4310 324 4359 codd.
335 4309 440 4359 Barbar.
460 4304 572 4373 Oarepea,
584 4309 618 4359 A.
640 4308 728 4361 &tari
735 4324 801 4374 qens,
812 4312 864 4362 Ru.
882 4311 965 4362 eatnri
973 4326 1041 4376 pene,
1053 4327 1076 4362 o.
1097 4308 1209 4378 Ceturgi,
1220 4329 1239 4362 r.
1260 4309 1309 4362 (lo-
