<?xml version="1.0" encoding="UTF-8"?>
<!DOCTYPE html PUBLIC "-//W3C//DTD XHTML 1.0 Transitional//EN"
    "http://www.w3.org/TR/xhtml1/DTD/xhtml1-transitional.dtd">
<html xmlns="http://www.w3.org/1999/xhtml" xml:lang="en" lang="en">
 <head>
  <title>
</title>
<meta http-equiv="Content-Type" content="text/html;charset=utf-8" />
  <meta name='ocr-system' content='tesseract 3.04.00' />
  <meta name='ocr-capabilities' content='ocr_page ocr_carea ocr_par ocr_line ocrx_word'/>
</head>
<body>
  <div class='ocr_page' id='page_1' title='image "./cplinisecundina08plingoog_0099.png"; bbox 0 0 2888 4794; ppageno 0'>
   <div class='ocr_carea' id='block_1_1' title="bbox 179 191 837 241">
    <p class='ocr_par' dir='ltr' id='par_1_1' title="bbox 179 191 837 241">
     <span class='ocr_line' id='line_1_1' title="bbox 179 191 837 241; baseline -0.003 -2"><span class='ocrx_word' id='word_1_1' title='bbox 179 191 282 241; x_wconf 79' lang='lat' dir='ltr'>LXXIV</span> <span class='ocrx_word' id='word_1_2' title='bbox 647 195 837 239; x_wconf 75' lang='lat' dir='ltr'><strong>Punurfflo.</strong></span> 
     </span>
    </p>
   </div>
   <div class='ocr_carea' id='block_1_2' title="bbox 166 328 1307 1636">
    <p class='ocr_par' dir='ltr' id='par_1_2' title="bbox 166 328 1307 1636">
     <span class='ocr_line' id='line_1_2' title="bbox 179 328 1304 428; baseline -0.001 -20"><span class='ocrx_word' id='word_1_3' title='bbox 179 328 218 428; x_wconf 60' lang='lat' dir='ltr'><strong>n}</strong></span> <span class='ocrx_word' id='word_1_4' title='bbox 239 350 316 422; x_wconf 87' lang='lat' dir='ltr'><strong>exit,</strong></span> <span class='ocrx_word' id='word_1_5' title='bbox 340 348 382 408; x_wconf 91' lang='lat' dir='ltr'><strong>ibi</strong></span> <span class='ocrx_word' id='word_1_6' title='bbox 405 346 432 405; x_wconf 96' lang='grc' dir='ltr'><strong>Β</strong></span> <span class='ocrx_word' id='word_1_7' title='bbox 457 348 568 422; x_wconf 90' lang='lat' dir='ltr'><strong>ubique</strong></span> <span class='ocrx_word' id='word_1_8' title='bbox 592 367 626 407; x_wconf 85' lang='lat' dir='ltr'><strong>su</strong></span> <span class='ocrx_word' id='word_1_9' title='bbox 646 348 752 419; x_wconf 88' lang='lat' dir='ltr'><strong>habet,</strong></span> <span class='ocrx_word' id='word_1_10' title='bbox 778 350 854 407; x_wconf 84' lang='lat' dir='ltr'><strong>adso</strong></span> <span class='ocrx_word' id='word_1_11' title='bbox 873 354 923 420; x_wconf 91' lang='lat' dir='ltr'><strong>ut,</strong></span> <span class='ocrx_word' id='word_1_12' title='bbox 946 348 1025 423; x_wconf 90' lang='lat' dir='ltr'><strong>quod</strong></span> <span class='ocrx_word' id='word_1_13' title='bbox 1047 364 1135 407; x_wconf 90' lang='lat' dir='ltr'><strong>nomo</strong></span> <span class='ocrx_word' id='word_1_14' title='bbox 1161 347 1225 407; x_wconf 84' lang='lat' dir='ltr'><strong>iere</strong></span> <span class='ocrx_word' id='word_1_15' title='bbox 1252 355 1304 407; x_wconf 91' lang='lat' dir='ltr'><strong>tu-</strong></span> 
     </span>
     <span class='ocr_line' id='line_1_3' title="bbox 179 453 1305 531; baseline 0.001 -15"><span class='ocrx_word' id='word_1_16' title='bbox 179 459 260 531; x_wconf 86' lang='lat' dir='ltr'><strong>lorit,</strong></span> <span class='ocrx_word' id='word_1_17' title='bbox 275 460 410 518; x_wconf 82' lang='lat' dir='ltr'><strong>Polluccu</strong></span> <span class='ocrx_word' id='word_1_18' title='bbox 425 458 463 517; x_wconf 90' lang='lat' dir='ltr'><strong>sit</strong></span> <span class='ocrx_word' id='word_1_19' title='bbox 475 465 629 517; x_wconf 85' lang='lat' dir='ltr'><strong>exaratum</strong></span> <span class='ocrx_word' id='word_1_20' title='bbox 643 453 695 531; x_wconf 82' lang='lat'><strong>35,</strong></span> <span class='ocrx_word' id='word_1_21' title='bbox 711 454 762 518; x_wconf 84' lang='lat'><strong>93.</strong></span> <span class='ocrx_word' id='word_1_22' title='bbox 769 476 779 529; x_wconf 82' lang='lat'>3</span> <span class='ocrx_word' id='word_1_23' title='bbox 787 459 862 518; x_wconf 91' lang='lat' dir='ltr'><strong>·hinc</strong></span> <span class='ocrx_word' id='word_1_24' title='bbox 875 458 931 517; x_wconf 87' lang='lat' dir='ltr'><strong>soli</strong></span> <span class='ocrx_word' id='word_1_25' title='bbox 943 458 1053 517; x_wconf 87' lang='lat' dir='ltr'><strong>librarii</strong></span> <span class='ocrx_word' id='word_1_26' title='bbox 1066 459 1159 518; x_wconf 91' lang='lat' dir='ltr'><strong>errori</strong></span> <span class='ocrx_word' id='word_1_27' title='bbox 1172 459 1305 517; x_wconf 63' lang='lat' dir='ltr'><strong>minen·</strong></span> 
     </span>
     <span class='ocr_line' id='line_1_4' title="bbox 180 562 1305 646; baseline -0.002 -18"><span class='ocrx_word' id='word_1_28' title='bbox 180 568 251 628; x_wconf 87' lang='lat' dir='ltr'><strong>dum</strong></span> <span class='ocrx_word' id='word_1_29' title='bbox 265 576 311 627; x_wconf 89' lang='lat' dir='ltr'><strong>est</strong></span> <span class='ocrx_word' id='word_1_30' title='bbox 323 569 475 646; x_wconf 75' lang='lat' dir='ltr'><strong>chrysitem</strong></span> <span class='ocrx_word' id='word_1_31' title='bbox 489 563 541 640; x_wconf 87' lang='grc'><strong>36,</strong></span> <span class='ocrx_word' id='word_1_32' title='bbox 557 562 645 640; x_wconf 84' lang='grc'><strong>157.;</strong></span> <span class='ocrx_word' id='word_1_33' title='bbox 658 567 736 627; x_wconf 90' lang='lat' dir='ltr'><strong>idem</strong></span> <span class='ocrx_word' id='word_1_34' title='bbox 750 567 833 627; x_wconf 85' lang='lat' dir='ltr'><strong>valet</strong></span> <span class='ocrx_word' id='word_1_35' title='bbox 844 568 881 625; x_wconf 89' lang='lat' dir='ltr'><strong>do</strong></span> <span class='ocrx_word' id='word_1_36' title='bbox 895 571 1028 645; x_wconf 79' lang='lat' dir='ltr'><strong>scytnlcm</strong></span> <span class='ocrx_word' id='word_1_37' title='bbox 1042 563 1095 640; x_wconf 79' lang='lat'><strong>32,</strong></span> <span class='ocrx_word' id='word_1_38' title='bbox 1108 563 1160 629; x_wconf 86' lang='grc'><strong>54.</strong></span> <span class='ocrx_word' id='word_1_39' title='bbox 1181 568 1242 628; x_wconf 88' lang='lat' dir='ltr'><strong>Ubi</strong></span> <span class='ocrx_word' id='word_1_40' title='bbox 1251 570 1305 627; x_wconf 90' lang='lat' dir='ltr'><strong>de-</strong></span> 
     </span>
     <span class='ocr_line' id='line_1_5' title="bbox 180 656 1303 755; baseline 0.002 -19"><span class='ocrx_word' id='word_1_41' title='bbox 180 679 268 754; x_wconf 89' lang='lat' dir='ltr'><strong>nique</strong></span> <span class='ocrx_word' id='word_1_42' title='bbox 281 678 480 738; x_wconf 78' lang='lat' dir='ltr'><strong>nominativus</strong></span> <span class='ocrx_word' id='word_1_43' title='bbox 497 677 559 737; x_wconf 84' lang='lat' dir='ltr'><strong>exit</strong></span> <span class='ocrx_word' id='word_1_44' title='bbox 571 656 651 750; x_wconf 59' lang='lat' dir='ltr'><strong>inst,</strong></span> <span class='ocrx_word' id='word_1_45' title='bbox 665 677 705 736; x_wconf 89' lang='lat' dir='ltr'><strong>ibi</strong></span> <span class='ocrx_word' id='word_1_46' title='bbox 719 678 811 737; x_wconf 85' lang='lat' dir='ltr'><strong>codex</strong></span> <span class='ocrx_word' id='word_1_47' title='bbox 823 677 851 737; x_wconf 94' lang='lat' dir='ltr'><strong>B</strong></span> <span class='ocrx_word' id='word_1_48' title='bbox 870 679 979 755; x_wconf 89' lang='lat' dir='ltr'><strong>ubique</strong></span> <span class='ocrx_word' id='word_1_49' title='bbox 997 678 1233 736; x_wconf 67' lang='lat' dir='ltr'><strong>terminationem</strong></span> <span class='ocrx_word' id='word_1_50' title='bbox 1253 681 1303 751; x_wconf 87' lang='lat' dir='ltr'><strong>im,</strong></span> 
     </span>
     <span class='ocr_line' id='line_1_6' title="bbox 179 786 1305 864; baseline -0.003 -17"><span class='ocrx_word' id='word_1_51' title='bbox 179 806 340 864; x_wconf 82' lang='lat' dir='ltr'><strong>numquam</strong></span> <span class='ocrx_word' id='word_1_52' title='bbox 364 791 395 848; x_wconf 86' lang='lat' dir='ltr'><strong>iu</strong></span> <span class='ocrx_word' id='word_1_53' title='bbox 414 788 518 860; x_wconf 89' lang='lat' dir='ltr'><strong>habet,</strong></span> <span class='ocrx_word' id='word_1_54' title='bbox 541 788 605 847; x_wconf 88' lang='lat' dir='ltr'><strong>sive</strong></span> <span class='ocrx_word' id='word_1_55' title='bbox 626 804 663 844; x_wconf 86' lang='lat' dir='ltr'><strong>oa</strong></span> <span class='ocrx_word' id='word_1_56' title='bbox 680 795 750 846; x_wconf 90' lang='lat' dir='ltr'><strong>sunt</strong></span> <span class='ocrx_word' id='word_1_57' title='bbox 769 786 923 846; x_wconf 75' lang='lat' dir='ltr'><strong>masculini</strong></span> <span class='ocrx_word' id='word_1_58' title='bbox 941 786 1003 846; x_wconf 85' lang='lat' dir='ltr'><strong>eive</strong></span> <span class='ocrx_word' id='word_1_59' title='bbox 1029 786 1162 846; x_wconf 83' lang='lat' dir='ltr'><strong>feminini</strong></span> <span class='ocrx_word' id='word_1_60' title='bbox 1180 787 1305 863; x_wconf 78' lang='lat' dir='ltr'><strong>genonis.</strong></span> 
     </span>
     <span class='ocr_line' id='line_1_7' title="bbox 180 874 1306 974; baseline -0.002 -18"><span class='ocrx_word' id='word_1_61' title='bbox 180 896 268 972; x_wconf 73' lang='lat' dir='ltr'><strong>Quos</strong></span> <span class='ocrx_word' id='word_1_62' title='bbox 280 897 320 956; x_wconf 74' lang='lat' dir='ltr'><strong>au</strong></span> <span class='ocrx_word' id='word_1_63' title='bbox 334 897 464 974; x_wconf 60' lang='lat' dir='ltr'><strong>sugunt</strong></span> <span class='ocrx_word' id='word_1_64' title='bbox 478 897 592 956; x_wconf 74' lang='lat' dir='ltr'><strong>usuras</strong></span> <span class='ocrx_word' id='word_1_65' title='bbox 606 897 718 971; x_wconf 70' lang='lat' dir='ltr'><strong>acmes,</strong></span> <span class='ocrx_word' id='word_1_66' title='bbox 732 898 764 956; x_wconf 74' lang='lat' dir='ltr'><strong>in</strong></span> <span class='ocrx_word' id='word_1_67' title='bbox 776 897 814 956; x_wconf 77' lang='lat' dir='ltr'><strong>in</strong></span> <span class='ocrx_word' id='word_1_68' title='bbox 827 895 1095 972; x_wconf 61' lang='lat' dir='ltr'><strong>nominibusque</strong></span> <span class='ocrx_word' id='word_1_69' title='bbox 1113 874 1306 956; x_wconf 53' lang='lat' dir='ltr'><strong>unauna</strong></span> 
     </span>
     <span class='ocr_line' id='line_1_8' title="bbox 181 1005 1303 1083; baseline -0.001 -17"><span class='ocrx_word' id='word_1_70' title='bbox 181 1009 300 1079; x_wconf 87' lang='lat' dir='ltr'><strong>habent,</strong></span> <span class='ocrx_word' id='word_1_71' title='bbox 316 1007 409 1066; x_wconf 85' lang='lat' dir='ltr'><strong>codex</strong></span> <span class='ocrx_word' id='word_1_72' title='bbox 421 1005 448 1064; x_wconf 95' lang='lat' dir='ltr'>B</span> <span class='ocrx_word' id='word_1_73' title='bbox 462 1007 551 1065; x_wconf 88' lang='lat' dir='ltr'><strong>modo</strong></span> <span class='ocrx_word' id='word_1_74' title='bbox 564 1026 589 1078; x_wconf 80' lang='lat' dir='ltr'><strong>c,</strong></span> <span class='ocrx_word' id='word_1_75' title='bbox 604 1007 693 1066; x_wconf 92' lang='lat' dir='ltr'><strong>modo</strong></span> <span class='ocrx_word' id='word_1_76' title='bbox 707 1008 720 1065; x_wconf 84' lang='lat' dir='ltr'><strong>i</strong></span> <span class='ocrx_word' id='word_1_77' title='bbox 733 1006 862 1078; x_wconf 86' lang='lat' dir='ltr'><strong>exhibet,</strong></span> <span class='ocrx_word' id='word_1_78' title='bbox 877 1025 972 1083; x_wconf 89' lang='lat' dir='ltr'><strong>neque</strong></span> <span class='ocrx_word' id='word_1_79' title='bbox 985 1025 1041 1083; x_wconf 83' lang='lat' dir='ltr'><strong>ogo</strong></span> <span class='ocrx_word' id='word_1_80' title='bbox 1053 1006 1145 1066; x_wconf 90' lang='lat' dir='ltr'><strong>invito</strong></span> <span class='ocrx_word' id='word_1_81' title='bbox 1159 1007 1212 1065; x_wconf 93' lang='lat' dir='ltr'><strong>illo</strong></span> <span class='ocrx_word' id='word_1_82' title='bbox 1227 1007 1303 1066; x_wconf 85' lang='lat' dir='ltr'><strong>libro</strong></span> 
     </span>
     <span class='ocr_line' id='line_1_9' title="bbox 180 1116 1306 1193; baseline -0.002 -16"><span class='ocrx_word' id='word_1_83' title='bbox 180 1116 375 1177; x_wconf 87' lang='lat' dir='ltr'><strong>constantiam</strong></span> <span class='ocrx_word' id='word_1_84' title='bbox 393 1116 524 1192; x_wconf 86' lang='lat' dir='ltr'><strong>aliquam</strong></span> <span class='ocrx_word' id='word_1_85' title='bbox 544 1117 626 1193; x_wconf 84' lang='lat' dir='ltr'><strong>sequi</strong></span> <span class='ocrx_word' id='word_1_86' title='bbox 645 1135 712 1175; x_wconf 90' lang='lat' dir='ltr'><strong>sum</strong></span> <span class='ocrx_word' id='word_1_87' title='bbox 732 1135 838 1189; x_wconf 84' lang='lat' dir='ltr'><strong>ausus,</strong></span> <span class='ocrx_word' id='word_1_88' title='bbox 860 1117 951 1188; x_wconf 90' lang='lat' dir='ltr'><strong>unde,</strong></span> <span class='ocrx_word' id='word_1_89' title='bbox 970 1124 1060 1193; x_wconf 88' lang='lat' dir='ltr'><strong>prout</strong></span> <span class='ocrx_word' id='word_1_90' title='bbox 1074 1116 1169 1175; x_wconf 86' lang='lat' dir='ltr'><strong>codex</strong></span> <span class='ocrx_word' id='word_1_91' title='bbox 1182 1117 1306 1192; x_wconf 78' lang='lat' dir='ltr'><strong>singulis</strong></span> 
     </span>
     <span class='ocr_line' id='line_1_10' title="bbox 179 1225 1304 1304; baseline 0.001 -20"><span class='ocrx_word' id='word_1_92' title='bbox 179 1226 253 1286; x_wconf 88' lang='lat' dir='ltr'><strong>locis</strong></span> <span class='ocrx_word' id='word_1_93' title='bbox 273 1225 409 1298; x_wconf 85' lang='lat' dir='ltr'><strong>habebat,</strong></span> <span class='ocrx_word' id='word_1_94' title='bbox 429 1232 460 1283; x_wconf 94' lang='lat' dir='ltr'><strong>et</strong></span> <span class='ocrx_word' id='word_1_95' title='bbox 479 1227 641 1303; x_wconf 70' lang='lat' dir='ltr'><strong>Polycletus</strong></span> <span class='ocrx_word' id='word_1_96' title='bbox 664 1233 695 1284; x_wconf 92' lang='lat' dir='ltr'><strong>et</strong></span> <span class='ocrx_word' id='word_1_97' title='bbox 708 1228 866 1304; x_wconf 73' lang='lat' dir='ltr'><strong>Polyclitus</strong></span> <span class='ocrx_word' id='word_1_98' title='bbox 890 1225 1007 1302; x_wconf 86' lang='lat' dir='ltr'><strong>aliaque</strong></span> <span class='ocrx_word' id='word_1_99' title='bbox 1031 1225 1166 1285; x_wconf 85' lang='lat' dir='ltr'><strong>similiter</strong></span> <span class='ocrx_word' id='word_1_100' title='bbox 1189 1227 1304 1303; x_wconf 84' lang='lat' dir='ltr'><strong>scripsi,</strong></span> 
     </span>
     <span class='ocr_line' id='line_1_11' title="bbox 166 1314 1307 1414; baseline 0 -20"><span class='ocrx_word' id='word_1_101' title='bbox 166 1353 360 1412; x_wconf 87' lang='lat' dir='ltr'><strong>·qusmquam</strong></span> <span class='ocrx_word' id='word_1_102' title='bbox 378 1334 464 1394; x_wconf 79' lang='lat' dir='ltr'><strong>facile</strong></span> <span class='ocrx_word' id='word_1_103' title='bbox 484 1336 612 1396; x_wconf 88' lang='lat' dir='ltr'><strong>concedo</strong></span> <span class='ocrx_word' id='word_1_104' title='bbox 635 1336 734 1412; x_wconf 87' lang='lat' dir='ltr'><strong>ipsum</strong></span> <span class='ocrx_word' id='word_1_105' title='bbox 761 1337 936 1414; x_wconf 78' lang='lat' dir='ltr'><strong>scriptorem</strong></span> <span class='ocrx_word' id='word_1_106' title='bbox 965 1335 1003 1394; x_wconf 91' lang='lat' dir='ltr'><strong>ab</strong></span> <span class='ocrx_word' id='word_1_107' title='bbox 1029 1335 1086 1395; x_wconf 87' lang='lat' dir='ltr'><strong>hac</strong></span> <span class='ocrx_word' id='word_1_108' title='bbox 1109 1314 1307 1394; x_wconf 50' lang='lat' dir='ltr'><strong>inconstantia</strong></span> 
     </span>
     <span class='ocr_line' id='line_1_12' title="bbox 180 1437 1305 1522; baseline 0 -17"><span class='ocrx_word' id='word_1_109' title='bbox 180 1445 307 1505; x_wconf 85' lang='lat' dir='ltr'><strong>liborum</strong></span> <span class='ocrx_word' id='word_1_110' title='bbox 321 1464 354 1505; x_wconf 87' lang='lat' dir='ltr'><strong>se</strong></span> <span class='ocrx_word' id='word_1_111' title='bbox 368 1437 506 1517; x_wconf 72' lang='lat' dir='ltr'><strong>senonas,</strong></span> <span class='ocrx_word' id='word_1_112' title='bbox 521 1463 611 1521; x_wconf 89' lang='lat' dir='ltr'><strong>quam</strong></span> <span class='ocrx_word' id='word_1_113' title='bbox 629 1451 731 1506; x_wconf 82' lang='lat' dir='ltr'><strong>tamen</strong></span> <span class='ocrx_word' id='word_1_114' title='bbox 749 1446 801 1505; x_wconf 90' lang='lat' dir='ltr'><strong>alii</strong></span> <span class='ocrx_word' id='word_1_115' title='bbox 814 1465 932 1522; x_wconf 90' lang='lat' dir='ltr'><strong>quoque</strong></span> <span class='ocrx_word' id='word_1_116' title='bbox 946 1446 1005 1506; x_wconf 86' lang='lat' dir='ltr'><strong>viri</strong></span> <span class='ocrx_word' id='word_1_117' title='bbox 1018 1446 1097 1506; x_wconf 88' lang='lat' dir='ltr'><strong>docti</strong></span> <span class='ocrx_word' id='word_1_118' title='bbox 1109 1445 1140 1505; x_wconf 89' lang='lat' dir='ltr'><strong>in</strong></span> <span class='ocrx_word' id='word_1_119' title='bbox 1155 1445 1305 1522; x_wconf 85' lang='lat' dir='ltr'><strong>scriptori·</strong></span> 
     </span>
     <span class='ocr_line' id='line_1_13' title="bbox 180 1540 1306 1636; baseline -0.002 -20"><span class='ocrx_word' id='word_1_120' title='bbox 180 1558 239 1616; x_wconf 88' lang='lat' dir='ltr'><strong>bus</strong></span> <span class='ocrx_word' id='word_1_121' title='bbox 251 1575 271 1615; x_wconf 89' lang='lat' dir='ltr'><strong>a</strong></span> <span class='ocrx_word' id='word_1_122' title='bbox 285 1573 318 1615; x_wconf 86' lang='lat' dir='ltr'><strong>se</strong></span> <span class='ocrx_word' id='word_1_123' title='bbox 331 1555 416 1615; x_wconf 80' lang='lat' dir='ltr'><strong>editis</strong></span> <span class='ocrx_word' id='word_1_124' title='bbox 430 1562 516 1615; x_wconf 86' lang='lat' dir='ltr'><strong>caute</strong></span> <span class='ocrx_word' id='word_1_125' title='bbox 531 1561 702 1628; x_wconf 79' lang='lat' dir='ltr'><strong>servarunt3</strong></span> <span class='ocrx_word' id='word_1_126' title='bbox 718 1540 747 1616; x_wconf 60' lang='lat' dir='ltr'><strong>v}</strong></span> <span class='ocrx_word' id='word_1_127' title='bbox 762 1556 892 1616; x_wconf 87' lang='lat' dir='ltr'><strong>Ellendt</strong></span> <span class='ocrx_word' id='word_1_128' title='bbox 907 1556 945 1615; x_wconf 90' lang='lat' dir='ltr'><strong>ad</strong></span> <span class='ocrx_word' id='word_1_129' title='bbox 966 1553 1028 1615; x_wconf 85' lang='lat' dir='ltr'><strong>Cic.</strong></span> <span class='ocrx_word' id='word_1_130' title='bbox 1047 1554 1134 1636; x_wconf 83' lang='lat' dir='ltr'><strong>Brut</strong></span> <span class='ocrx_word' id='word_1_131' title='bbox 1150 1558 1166 1626; x_wconf 65' lang='grc' dir='ltr'><strong>ξ</strong></span> <span class='ocrx_word' id='word_1_132' title='bbox 1182 1549 1233 1616; x_wconf 88' lang='grc'><strong>15.</strong></span> <span class='ocrx_word' id='word_1_133' title='bbox 1268 1553 1306 1614; x_wconf 93' lang='lat' dir='ltr'><strong>In</strong></span> 
     </span>
    </p>
   </div>
   <div class='ocr_carea' id='block_1_3' title="bbox 59 1644 1306 1756">
    <p class='ocr_par' dir='ltr' id='par_1_3' title="bbox 59 1644 1306 1756">
     <span class='ocr_line' id='line_1_14' title="bbox 59 1644 1306 1756; baseline -0.002 -31"><span class='ocrx_word' id='word_1_134' title='bbox 59 1738 65 1749; x_wconf 39' lang='lat'><strong>·</strong></span> <span class='ocrx_word' id='word_1_135' title='bbox 179 1665 327 1745; x_wconf 77' lang='lat' dir='ltr'><strong>geminata</strong></span> <span class='ocrx_word' id='word_1_136' title='bbox 339 1666 439 1725; x_wconf 77' lang='lat' dir='ltr'><strong>littora</strong></span> <span class='ocrx_word' id='word_1_137' title='bbox 448 1644 653 1746; x_wconf 65' lang='lat' dir='ltr'><strong>punctorium</strong></span> <span class='ocrx_word' id='word_1_138' title='bbox 664 1666 771 1726; x_wconf 87' lang='lat' dir='ltr'><strong>codicis</strong></span> <span class='ocrx_word' id='word_1_139' title='bbox 780 1666 807 1725; x_wconf 95' lang='lat' dir='ltr'>B</span> <span class='ocrx_word' id='word_1_140' title='bbox 817 1666 1023 1744; x_wconf 84' lang='lat' dir='ltr'><strong>aspirationem</strong></span> <span class='ocrx_word' id='word_1_141' title='bbox 1033 1667 1306 1756; x_wconf 79' lang='lat' dir='ltr'><strong>vulgosequentem</strong></span> 
     </span>
    </p>
   </div>
   <div class='ocr_carea' id='block_1_4' title="bbox 127 1775 1406 3066">
    <p class='ocr_par' dir='ltr' id='par_1_4' title="bbox 127 1775 1406 3066">
     <span class='ocr_line' id='line_1_15' title="bbox 180 1775 1298 1855; baseline -0.003 -18"><span class='ocrx_word' id='word_1_142' title='bbox 180 1777 274 1851; x_wconf 88' lang='lat' dir='ltr'><strong>omisi,</strong></span> <span class='ocrx_word' id='word_1_143' title='bbox 293 1777 334 1836; x_wconf 86' lang='lat' dir='ltr'><strong>ita</strong></span> <span class='ocrx_word' id='word_1_144' title='bbox 353 1785 387 1836; x_wconf 92' lang='lat' dir='ltr'><strong>ut</strong></span> <span class='ocrx_word' id='word_1_145' title='bbox 404 1777 462 1836; x_wconf 90' lang='lat' dir='ltr'><strong>iam</strong></span> <span class='ocrx_word' id='word_1_146' title='bbox 479 1775 597 1852; x_wconf 81' lang='lat' dir='ltr'><strong>legatur</strong></span> <span class='ocrx_word' id='word_1_147' title='bbox 614 1779 798 1850; x_wconf 74' lang='lat' dir='ltr'><strong>haemorrois,</strong></span> <span class='ocrx_word' id='word_1_148' title='bbox 821 1778 999 1848; x_wconf 80' lang='lat' dir='ltr'><strong>Porrcsius,</strong></span> <span class='ocrx_word' id='word_1_149' title='bbox 1024 1778 1157 1855; x_wconf 69' lang='lat' dir='ltr'><strong>Pyrrus,</strong></span> <span class='ocrx_word' id='word_1_150' title='bbox 1182 1776 1298 1835; x_wconf 82' lang='lat' dir='ltr'><strong>similia.</strong></span> 
     </span>
     <span class='ocr_line' id='line_1_16' title="bbox 183 1865 1406 1965; baseline -0.003 -18"><span class='ocrx_word' id='word_1_151' title='bbox 183 1887 290 1948; x_wconf 82' lang='lat' dir='ltr'><strong>Restat</strong></span> <span class='ocrx_word' id='word_1_152' title='bbox 302 1865 443 1960; x_wconf 63' lang='lat' dir='ltr'><strong>littoreo,</strong></span> <span class='ocrx_word' id='word_1_153' title='bbox 459 1905 549 1963; x_wconf 88' lang='lat' dir='ltr'><strong>quam</strong></span> <span class='ocrx_word' id='word_1_154' title='bbox 563 1886 693 1947; x_wconf 87' lang='lat' dir='ltr'><strong>codexB</strong></span> <span class='ocrx_word' id='word_1_155' title='bbox 707 1888 795 1946; x_wconf 87' lang='lat' dir='ltr'><strong>modo</strong></span> <span class='ocrx_word' id='word_1_156' title='bbox 808 1905 862 1965; x_wconf 90' lang='lat' dir='ltr'><strong>per</strong></span> <span class='ocrx_word' id='word_1_157' title='bbox 872 1909 903 1965; x_wconf 75' lang='lat' dir='ltr'><strong>p,</strong></span> <span class='ocrx_word' id='word_1_158' title='bbox 914 1887 1003 1946; x_wconf 91' lang='lat' dir='ltr'><strong>modo</strong></span> <span class='ocrx_word' id='word_1_159' title='bbox 1016 1905 1112 1964; x_wconf 74' lang='lat' dir='ltr'><strong>perp,</strong></span> <span class='ocrx_word' id='word_1_160' title='bbox 1123 1885 1213 1962; x_wconf 88' lang='lat' dir='ltr'><strong>idque</strong></span> <span class='ocrx_word' id='word_1_161' title='bbox 1226 1885 1307 1944; x_wconf 86' lang='lat' dir='ltr'><strong>haud</strong></span> <span class='ocrx_word' id='word_1_162' title='bbox 1400 1866 1406 1876; x_wconf 45' lang='lat'>¹</span> 
     </span>
     <span class='ocr_line' id='line_1_17' title="bbox 182 1974 1307 2075; baseline -0.003 -18"><span class='ocrx_word' id='word_1_163' title='bbox 182 2016 252 2063; x_wconf 80' lang='lat' dir='ltr'><strong>raro</strong></span> <span class='ocrx_word' id='word_1_164' title='bbox 272 1998 375 2056; x_wconf 84' lang='lat' dir='ltr'><strong>eadem</strong></span> <span class='ocrx_word' id='word_1_165' title='bbox 393 1990 426 2054; x_wconf 91' lang='lat' dir='ltr'><strong>in</strong></span> <span class='ocrx_word' id='word_1_166' title='bbox 444 2015 517 2056; x_wconf 90' lang='lat' dir='ltr'><strong>voce</strong></span> <span class='ocrx_word' id='word_1_167' title='bbox 536 1974 647 2068; x_wconf 72' lang='lat' dir='ltr'><strong>reddit}</strong></span> <span class='ocrx_word' id='word_1_168' title='bbox 669 1997 745 2056; x_wconf 90' lang='lat' dir='ltr'><strong>hanc</strong></span> <span class='ocrx_word' id='word_1_169' title='bbox 763 1999 860 2075; x_wconf 86' lang='lat' dir='ltr'><strong>ipsam</strong></span> <span class='ocrx_word' id='word_1_170' title='bbox 880 1997 918 2056; x_wconf 93' lang='lat' dir='ltr'><strong>ob</strong></span> <span class='ocrx_word' id='word_1_171' title='bbox 938 1996 1162 2056; x_wconf 86' lang='lat' dir='ltr'><strong>inconstantiam</strong></span> <span class='ocrx_word' id='word_1_172' title='bbox 1180 2003 1212 2054; x_wconf 90' lang='lat' dir='ltr'><strong>et</strong></span> <span class='ocrx_word' id='word_1_173' title='bbox 1228 1997 1307 2071; x_wconf 88' lang='lat' dir='ltr'><strong>quod</strong></span> 
     </span>
     <span class='ocr_line' id='line_1_18' title="bbox 177 2084 1307 2185; baseline -0.003 -18"><span class='ocrx_word' id='word_1_174' title='bbox 177 2084 332 2169; x_wconf 82' lang='lat' dir='ltr'><strong>¹scribendi</strong></span> <span class='ocrx_word' id='word_1_175' title='bbox 346 2106 422 2164; x_wconf 88' lang='lat' dir='ltr'><strong>ratio</strong></span> <span class='ocrx_word' id='word_1_176' title='bbox 436 2124 489 2182; x_wconf 86' lang='lat' dir='ltr'><strong>per</strong></span> <span class='ocrx_word' id='word_1_177' title='bbox 504 2106 660 2165; x_wconf 76' lang='lat' dir='ltr'><strong>ufirmiter</strong></span> <span class='ocrx_word' id='word_1_178' title='bbox 674 2116 794 2166; x_wconf 87' lang='lat' dir='ltr'><strong>servata</strong></span> <span class='ocrx_word' id='word_1_179' title='bbox 806 2125 866 2166; x_wconf 92' lang='lat' dir='ltr'><strong>nou</strong></span> <span class='ocrx_word' id='word_1_180' title='bbox 879 2125 988 2184; x_wconf 86' lang='lat' dir='ltr'><strong>parvas</strong></span> <span class='ocrx_word' id='word_1_181' title='bbox 1001 2106 1188 2185; x_wconf 72' lang='lat' dir='ltr'><strong>difficultates</strong></span> <span class='ocrx_word' id='word_1_182' title='bbox 1207 2121 1307 2165; x_wconf 87' lang='lat' dir='ltr'><strong>secum</strong></span> 
     </span>
     <span class='ocr_line' id='line_1_19' title="bbox 188 2215 1308 2295; baseline -0.002 -18"><span class='ocrx_word' id='word_1_183' title='bbox 188 2217 266 2277; x_wconf 84' lang='lat' dir='ltr'><strong>ferre</strong></span> <span class='ocrx_word' id='word_1_184' title='bbox 285 2216 451 2287; x_wconf 87' lang='lat' dir='ltr'><strong>videbatur,</strong></span> <span class='ocrx_word' id='word_1_185' title='bbox 473 2216 627 2292; x_wconf 85' lang='lat' dir='ltr'><strong>vulgatam</strong></span> <span class='ocrx_word' id='word_1_186' title='bbox 647 2217 792 2276; x_wconf 83' lang='lat' dir='ltr'><strong>scribendi</strong></span> <span class='ocrx_word' id='word_1_187' title='bbox 810 2216 970 2291; x_wconf 88' lang='lat' dir='ltr'><strong>rationem,</strong></span> <span class='ocrx_word' id='word_1_188' title='bbox 995 2217 1124 2295; x_wconf 86' lang='lat' dir='ltr'><strong>sxoeptis</strong></span> <span class='ocrx_word' id='word_1_189' title='bbox 1143 2215 1308 2275; x_wconf 87' lang='lat' dir='ltr'><strong>nominibus</strong></span> 
     </span>
     <span class='ocr_line' id='line_1_20' title="bbox 127 2325 1308 2405; baseline -0.002 -17"><span class='ocrx_word' id='word_1_190' title='bbox 127 2331 130 2336; x_wconf 85' lang='lat'>&#39;</span> <span class='ocrx_word' id='word_1_191' title='bbox 188 2325 375 2405; x_wconf 74' lang='lat' dir='ltr'><strong>appellativis</strong></span> <span class='ocrx_word' id='word_1_192' title='bbox 388 2345 488 2384; x_wconf 75' lang='lat' dir='ltr'><strong>mucra</strong></span> <span class='ocrx_word' id='word_1_193' title='bbox 502 2332 533 2384; x_wconf 90' lang='lat' dir='ltr'><strong>et</strong></span> <span class='ocrx_word' id='word_1_194' title='bbox 545 2329 723 2399; x_wconf 80' lang='lat' dir='ltr'><strong>crustallum,</strong></span> <span class='ocrx_word' id='word_1_195' title='bbox 737 2327 846 2403; x_wconf 90' lang='lat' dir='ltr'><strong>ubique</strong></span> <span class='ocrx_word' id='word_1_196' title='bbox 859 2327 980 2398; x_wconf 85' lang='lat' dir='ltr'><strong>retinui3</strong></span> <span class='ocrx_word' id='word_1_197' title='bbox 996 2327 1193 2404; x_wconf 86' lang='lat' dir='ltr'><strong>descriptura</strong></span> <span class='ocrx_word' id='word_1_198' title='bbox 1212 2328 1308 2386; x_wconf 89' lang='lat' dir='ltr'><strong>nomi·</strong></span> 
     </span>
     <span class='ocr_line' id='line_1_21' title="bbox 186 2415 1309 2515; baseline -0.001 -17"><span class='ocrx_word' id='word_1_199' title='bbox 186 2456 259 2498; x_wconf 91' lang='lat' dir='ltr'><strong>num</strong></span> <span class='ocrx_word' id='word_1_200' title='bbox 273 2426 456 2508; x_wconf 67' lang='lat' dir='ltr'><strong>Graeceium</strong></span> <span class='ocrx_word' id='word_1_201' title='bbox 465 2415 536 2515; x_wconf 51' lang='lat' dir='ltr'><strong>aopi</strong></span> <span class='ocrx_word' id='word_1_202' title='bbox 547 2435 746 2515; x_wconf 78' lang='lat' dir='ltr'><strong>incipientium</strong></span> <span class='ocrx_word' id='word_1_203' title='bbox 759 2438 807 2514; x_wconf 83' lang='lat' dir='ltr'><strong>egi</strong></span> <span class='ocrx_word' id='word_1_204' title='bbox 820 2438 859 2497; x_wconf 86' lang='lat' dir='ltr'><strong>ad</strong></span> <span class='ocrx_word' id='word_1_205' title='bbox 873 2432 926 2510; x_wconf 77' lang='lat'><strong>32,</strong></span> <span class='ocrx_word' id='word_1_206' title='bbox 942 2432 1015 2498; x_wconf 90' lang='grc'><strong>151.</strong></span> <span class='ocrx_word' id='word_1_207' title='bbox 1035 2438 1161 2498; x_wconf 86' lang='lat' dir='ltr'><strong>Praeter</strong></span> <span class='ocrx_word' id='word_1_208' title='bbox 1173 2457 1219 2511; x_wconf 87' lang='lat' dir='ltr'><strong>oa,</strong></span> <span class='ocrx_word' id='word_1_209' title='bbox 1233 2455 1309 2515; x_wconf 88' lang='lat' dir='ltr'><strong>qnae</strong></span> 
     </span>
     <span class='ocr_line' id='line_1_22' title="bbox 185 2547 1309 2624; baseline -0.001 -17"><span class='ocrx_word' id='word_1_210' title='bbox 185 2547 337 2623; x_wconf 85' lang='lat' dir='ltr'><strong>hucusque</strong></span> <span class='ocrx_word' id='word_1_211' title='bbox 358 2547 595 2620; x_wconf 85' lang='lat' dir='ltr'><strong>commemoravi,</strong></span> <span class='ocrx_word' id='word_1_212' title='bbox 613 2547 674 2607; x_wconf 86' lang='lat' dir='ltr'><strong>alia</strong></span> <span class='ocrx_word' id='word_1_213' title='bbox 687 2565 804 2624; x_wconf 90' lang='lat' dir='ltr'><strong>quoque</strong></span> <span class='ocrx_word' id='word_1_214' title='bbox 817 2549 849 2607; x_wconf 90' lang='lat' dir='ltr'><strong>in</strong></span> <span class='ocrx_word' id='word_1_215' title='bbox 870 2548 969 2607; x_wconf 90' lang='lat' dir='ltr'><strong>codice</strong></span> <span class='ocrx_word' id='word_1_216' title='bbox 981 2548 1008 2606; x_wconf 93' lang='lat' dir='ltr'>B</span> <span class='ocrx_word' id='word_1_217' title='bbox 1024 2555 1142 2608; x_wconf 79' lang='lat' dir='ltr'><strong>exstem</strong></span> <span class='ocrx_word' id='word_1_218' title='bbox 1153 2549 1193 2606; x_wconf 86' lang='lat' dir='ltr'><strong>sd</strong></span> <span class='ocrx_word' id='word_1_219' title='bbox 1206 2547 1309 2607; x_wconf 85' lang='lat' dir='ltr'><strong>ortho-</strong></span> 
     </span>
     <span class='ocr_line' id='line_1_23' title="bbox 186 2657 1308 2739; baseline -0.002 -21"><span class='ocrx_word' id='word_1_220' title='bbox 186 2659 343 2739; x_wconf 82' lang='lat' dir='ltr'><strong>graphiam</strong></span> <span class='ocrx_word' id='word_1_221' title='bbox 356 2659 543 2737; x_wconf 80' lang='lat' dir='ltr'><strong>pertinentia,</strong></span> <span class='ocrx_word' id='word_1_222' title='bbox 558 2677 634 2735; x_wconf 87' lang='lat' dir='ltr'><strong>quae</strong></span> <span class='ocrx_word' id='word_1_223' title='bbox 647 2659 788 2732; x_wconf 88' lang='lat' dir='ltr'><strong>notando,</strong></span> <span class='ocrx_word' id='word_1_224' title='bbox 802 2658 930 2718; x_wconf 85' lang='lat' dir='ltr'><strong>fortasse</strong></span> <span class='ocrx_word' id='word_1_225' title='bbox 943 2659 1017 2717; x_wconf 84' lang='lat' dir='ltr'><strong>adeo</strong></span> <span class='ocrx_word' id='word_1_226' title='bbox 1030 2657 1196 2735; x_wconf 84' lang='lat' dir='ltr'><strong>recipienda</strong></span> <span class='ocrx_word' id='word_1_227' title='bbox 1207 2666 1308 2727; x_wconf 82' lang='lat' dir='ltr'><strong>erant3</strong></span> 
     </span>
     <span class='ocr_line' id='line_1_24' title="bbox 185 2767 1310 2853; baseline -0.006 -20"><span class='ocrx_word' id='word_1_228' title='bbox 185 2782 220 2833; x_wconf 92' lang='lat' dir='ltr'><strong>ut</strong></span> <span class='ocrx_word' id='word_1_229' title='bbox 232 2772 267 2832; x_wconf 86' lang='lat' dir='ltr'><strong>iis</strong></span> <span class='ocrx_word' id='word_1_230' title='bbox 281 2772 475 2853; x_wconf 69' lang='lat' dir='ltr'><strong>abstinerem,</strong></span> <span class='ocrx_word' id='word_1_231' title='bbox 483 2769 551 2829; x_wconf 85' lang='lat' dir='ltr'><strong>fecit</strong></span> <span class='ocrx_word' id='word_1_232' title='bbox 564 2769 720 2842; x_wconf 78' lang='lat' dir='ltr'><strong>dubitatio,</strong></span> <span class='ocrx_word' id='word_1_233' title='bbox 735 2788 803 2828; x_wconf 91' lang='lat' dir='ltr'><strong>oum</strong></span> <span class='ocrx_word' id='word_1_234' title='bbox 813 2769 921 2846; x_wconf 89' lang='lat' dir='ltr'><strong>partim</strong></span> <span class='ocrx_word' id='word_1_235' title='bbox 935 2768 1060 2842; x_wconf 78' lang='lat' dir='ltr'><strong>nimium</strong></span> <span class='ocrx_word' id='word_1_236' title='bbox 1073 2770 1111 2828; x_wconf 81' lang='lat' dir='ltr'><strong>ab</strong></span> <span class='ocrx_word' id='word_1_237' title='bbox 1123 2788 1181 2829; x_wconf 87' lang='lat' dir='ltr'><strong>usu</strong></span> <span class='ocrx_word' id='word_1_238' title='bbox 1190 2767 1310 2842; x_wconf 80' lang='lat' dir='ltr'><strong>vulgari</strong></span> 
     </span>
     <span class='ocr_line' id='line_1_25' title="bbox 186 2878 1309 2955; baseline -0.006 -14"><span class='ocrx_word' id='word_1_239' title='bbox 186 2884 371 2952; x_wconf 85' lang='lat' dir='ltr'><strong>recederent,</strong></span> <span class='ocrx_word' id='word_1_240' title='bbox 396 2880 495 2938; x_wconf 89' lang='lat' dir='ltr'><strong>omnia</strong></span> <span class='ocrx_word' id='word_1_241' title='bbox 519 2897 591 2938; x_wconf 88' lang='lat' dir='ltr'><strong>vero</strong></span> <span class='ocrx_word' id='word_1_242' title='bbox 615 2879 712 2937; x_wconf 90' lang='lat' dir='ltr'><strong>adhuc</strong></span> <span class='ocrx_word' id='word_1_243' title='bbox 735 2879 842 2937; x_wconf 77' lang='lat' dir='ltr'><strong>altiore</strong></span> <span class='ocrx_word' id='word_1_244' title='bbox 861 2878 998 2953; x_wconf 81' lang='lat' dir='ltr'><strong>indagine</strong></span> <span class='ocrx_word' id='word_1_245' title='bbox 1022 2897 1107 2955; x_wconf 80' lang='lat' dir='ltr'><strong>egere</strong></span> <span class='ocrx_word' id='word_1_246' title='bbox 1132 2880 1309 2939; x_wconf 88' lang='lat' dir='ltr'><strong>viderentur.</strong></span> 
     </span>
     <span class='ocr_line' id='line_1_26' title="bbox 189 2987 1310 3066; baseline -0.001 -17"><span class='ocrx_word' id='word_1_247' title='bbox 189 2988 266 3049; x_wconf 86' lang='lat' dir='ltr'><strong>Sunt</strong></span> <span class='ocrx_word' id='word_1_248' title='bbox 284 2990 345 3048; x_wconf 87' lang='lat' dir='ltr'><strong>fere</strong></span> <span class='ocrx_word' id='word_1_249' title='bbox 364 2991 451 3052; x_wconf 82' lang='lat' dir='ltr'><strong>haec:</strong></span> <span class='ocrx_word' id='word_1_250' title='bbox 471 2988 544 3047; x_wconf 82' lang='lat' dir='ltr'><strong>oliba</strong></span> <span class='ocrx_word' id='word_1_251' title='bbox 564 2987 612 3047; x_wconf 88' lang='lat' dir='ltr'><strong>vel</strong></span> <span class='ocrx_word' id='word_1_252' title='bbox 631 2989 717 3047; x_wconf 77' lang='lat' dir='ltr'><strong>aliisi</strong></span> <span class='ocrx_word' id='word_1_253' title='bbox 733 2987 890 3064; x_wconf 76' lang='lat' dir='ltr'><strong>aliquoties</strong></span> <span class='ocrx_word' id='word_1_254' title='bbox 909 3007 928 3046; x_wconf 91' lang='lat' dir='ltr'><strong>a</strong></span> <span class='ocrx_word' id='word_1_255' title='bbox 947 3006 1037 3046; x_wconf 88' lang='lat' dir='ltr'><strong>mauu</strong></span> <span class='ocrx_word' id='word_1_256' title='bbox 1050 2989 1163 3066; x_wconf 86' lang='lat' dir='ltr'><strong>prima,</strong></span> <span class='ocrx_word' id='word_1_257' title='bbox 1190 2991 1310 3059; x_wconf 64' lang='lat' dir='ltr'><strong>balleum</strong></span> 
     </span>
    </p>
   </div>
   <div class='ocr_carea' id='block_1_5' title="bbox 188 3097 1438 3185">
    <p class='ocr_par' dir='ltr' id='par_1_5' title="bbox 188 3097 1438 3185">
     <span class='ocr_line' id='line_1_27' title="bbox 188 3097 1438 3185; baseline -0.003 -26"><span class='ocrx_word' id='word_1_258' title='bbox 188 3117 333 3169; x_wconf 80' lang='lat' dir='ltr'><strong>cccrussc,</strong></span> <span class='ocrx_word' id='word_1_259' title='bbox 348 3100 480 3185; x_wconf 82' lang='lat' dir='ltr'><strong>cocumis,</strong></span> <span class='ocrx_word' id='word_1_260' title='bbox 495 3099 627 3171; x_wconf 75' lang='lat' dir='ltr'><strong>coiectas,</strong></span> <span class='ocrx_word' id='word_1_261' title='bbox 642 3117 738 3173; x_wconf 82' lang='lat' dir='ltr'><strong>conco,</strong></span> <span class='ocrx_word' id='word_1_262' title='bbox 753 3108 876 3171; x_wconf 79' lang='lat' dir='ltr'><strong>conecto,</strong></span> <span class='ocrx_word' id='word_1_263' title='bbox 891 3101 1045 3182; x_wconf 68' lang='lat' dir='ltr'><strong>sticuuuus,</strong></span> <span class='ocrx_word' id='word_1_264' title='bbox 1054 3100 1148 3176; x_wconf 76' lang='lat' dir='ltr'><strong>sulpo,</strong></span> <span class='ocrx_word' id='word_1_265' title='bbox 1162 3097 1310 3173; x_wconf 67' lang='lat' dir='ltr'><strong>scrupos,</strong></span> <span class='ocrx_word' id='word_1_266' title='bbox 1425 3147 1438 3177; x_wconf 78' lang='lat'><strong>,</strong></span> 
     </span>
    </p>
   </div>
   <div class='ocr_carea' id='block_1_6' title="bbox 184 3207 1316 4058">
    <p class='ocr_par' dir='ltr' id='par_1_6' title="bbox 184 3207 1316 4058">
     <span class='ocr_line' id='line_1_28' title="bbox 189 3207 1312 3286; baseline 0 -21"><span class='ocrx_word' id='word_1_267' title='bbox 189 3208 282 3285; x_wconf 77' lang='lat' dir='ltr'><strong>dolus,</strong></span> <span class='ocrx_word' id='word_1_268' title='bbox 297 3209 418 3281; x_wconf 83' lang='lat' dir='ltr'><strong>lucusta,</strong></span> <span class='ocrx_word' id='word_1_269' title='bbox 432 3209 549 3268; x_wconf 80' lang='lat' dir='ltr'><strong>mallius</strong></span> <span class='ocrx_word' id='word_1_270' title='bbox 562 3227 618 3286; x_wconf 88' lang='lat' dir='ltr'><strong>pro</strong></span> <span class='ocrx_word' id='word_1_271' title='bbox 632 3211 742 3281; x_wconf 80' lang='lat' dir='ltr'><strong>malloo,</strong></span> <span class='ocrx_word' id='word_1_272' title='bbox 757 3211 864 3283; x_wconf 74' lang='lat' dir='ltr'><strong>murts,</strong></span> <span class='ocrx_word' id='word_1_273' title='bbox 885 3211 1066 3280; x_wconf 79' lang='lat' dir='ltr'><strong>mortarium,</strong></span> <span class='ocrx_word' id='word_1_274' title='bbox 1082 3207 1207 3282; x_wconf 66' lang='lat' dir='ltr'><strong>occupo,</strong></span> <span class='ocrx_word' id='word_1_275' title='bbox 1218 3208 1312 3283; x_wconf 80' lang='lat' dir='ltr'><strong>padu-</strong></span> 
     </span>
     <span class='ocr_line' id='line_1_29' title="bbox 188 3316 1312 3397; baseline -0.002 -19"><span class='ocrx_word' id='word_1_276' title='bbox 188 3320 282 3389; x_wconf 85' lang='lat' dir='ltr'><strong>culus,</strong></span> <span class='ocrx_word' id='word_1_277' title='bbox 298 3321 552 3395; x_wconf 75' lang='lat' dir='ltr'><strong>promunctorium,</strong></span> <span class='ocrx_word' id='word_1_278' title='bbox 571 3320 845 3397; x_wconf 72' lang='lat' dir='ltr'><strong>quiuqucpeusimus</strong></span> <span class='ocrx_word' id='word_1_279' title='bbox 864 3328 894 3379; x_wconf 87' lang='lat' dir='ltr'><strong>et</strong></span> <span class='ocrx_word' id='word_1_280' title='bbox 911 3318 1026 3392; x_wconf 86' lang='lat' dir='ltr'><strong>similia,</strong></span> <span class='ocrx_word' id='word_1_281' title='bbox 1041 3319 1139 3378; x_wconf 71' lang='lat' dir='ltr'><strong>retuli</strong></span> <span class='ocrx_word' id='word_1_282' title='bbox 1151 3324 1182 3375; x_wconf 83' lang='lat' dir='ltr'><strong>ot</strong></span> <span class='ocrx_word' id='word_1_283' title='bbox 1194 3316 1312 3389; x_wconf 87' lang='lat' dir='ltr'><strong>similia,</strong></span> 
     </span>
     <span class='ocr_line' id='line_1_30' title="bbox 184 3428 1312 3514; baseline -0.004 -24"><span class='ocrx_word' id='word_1_284' title='bbox 184 3430 338 3506; x_wconf 66' lang='lat' dir='ltr'><strong>&#39;soppicua</strong></span> <span class='ocrx_word' id='word_1_285' title='bbox 354 3430 478 3514; x_wconf 73' lang='lat' dir='ltr'><strong>scribsit,</strong></span> <span class='ocrx_word' id='word_1_286' title='bbox 497 3433 626 3503; x_wconf 63' lang='lat' dir='ltr'><strong>macuti,</strong></span> <span class='ocrx_word' id='word_1_287' title='bbox 648 3440 779 3506; x_wconf 73' lang='lat' dir='ltr'><strong>stuparum</strong></span> <span class='ocrx_word' id='word_1_288' title='bbox 798 3428 857 3506; x_wconf 81' lang='lat' dir='ltr'><strong>pro&#39;</strong></span> <span class='ocrx_word' id='word_1_289' title='bbox 872 3441 984 3502; x_wconf 86' lang='lat' dir='ltr'><strong>stcuuo,</strong></span> <span class='ocrx_word' id='word_1_290' title='bbox 1004 3429 1187 3501; x_wconf 75' lang='lat' dir='ltr'><strong>thensaurus,</strong></span> <span class='ocrx_word' id='word_1_291' title='bbox 1208 3430 1312 3488; x_wconf 80' lang='lat' dir='ltr'><strong>tosillc.</strong></span> 
     </span>
     <span class='ocr_line' id='line_1_31' title="bbox 190 3536 1313 3617; baseline -0.007 -16"><span class='ocrx_word' id='word_1_292' title='bbox 190 3538 349 3601; x_wconf 84' lang='lat' dir='ltr'><strong>Sciendum</strong></span> <span class='ocrx_word' id='word_1_293' title='bbox 378 3538 465 3598; x_wconf 90' lang='lat' dir='ltr'><strong>etiam</strong></span> <span class='ocrx_word' id='word_1_294' title='bbox 489 3541 619 3601; x_wconf 73' lang='grc' dir='ltr'><strong>ωᾱίοοηι</strong></span> <span class='ocrx_word' id='word_1_295' title='bbox 641 3536 678 3599; x_wconf 79' lang='grc' dir='ltr'><strong>Β’</strong></span> <span class='ocrx_word' id='word_1_296' title='bbox 692 3540 909 3600; x_wconf 85' lang='lat' dir='ltr'><strong>nominativum</strong></span> <span class='ocrx_word' id='word_1_297' title='bbox 936 3538 1061 3617; x_wconf 87' lang='lat' dir='ltr'><strong>pluralis</strong></span> <span class='ocrx_word' id='word_1_298' title='bbox 1089 3539 1234 3598; x_wconf 86' lang='lat' dir='ltr'><strong>secundae</strong></span> <span class='ocrx_word' id='word_1_299' title='bbox 1262 3537 1313 3595; x_wconf 87' lang='lat' dir='ltr'><strong>de·</strong></span> 
     </span>
     <span class='ocr_line' id='line_1_32' title="bbox 190 3643 1314 3727; baseline -0.004 -18"><span class='ocrx_word' id='word_1_300' title='bbox 190 3650 355 3710; x_wconf 85' lang='lat' dir='ltr'><strong>clinatiouis</strong></span> <span class='ocrx_word' id='word_1_301' title='bbox 388 3647 480 3724; x_wconf 81' lang='lat' dir='ltr'><strong>vulgo</strong></span> <span class='ocrx_word' id='word_1_302' title='bbox 514 3648 545 3707; x_wconf 91' lang='lat' dir='ltr'><strong>in</strong></span> <span class='ocrx_word' id='word_1_303' title='bbox 578 3651 602 3710; x_wconf 82' lang='lat' dir='ltr'><strong>ii</strong></span> <span class='ocrx_word' id='word_1_304' title='bbox 634 3657 792 3709; x_wconf 85' lang='lat' dir='ltr'><strong>exeuntem</strong></span> <span class='ocrx_word' id='word_1_305' title='bbox 823 3643 997 3727; x_wconf 80' lang='lat' dir='ltr'><strong>plerumque</strong></span> <span class='ocrx_word' id='word_1_306' title='bbox 1031 3650 1063 3708; x_wconf 92' lang='lat' dir='ltr'><strong>in</strong></span> <span class='ocrx_word' id='word_1_307' title='bbox 1098 3653 1110 3707; x_wconf 75' lang='grc' dir='ltr'><strong>ι’</strong></span> <span class='ocrx_word' id='word_1_308' title='bbox 1144 3649 1314 3718; x_wconf 80' lang='lat' dir='ltr'><strong>terminare,</strong></span> 
     </span>
     <span class='ocr_line' id='line_1_33' title="bbox 190 3757 1316 3838; baseline -0.004 -18"><span class='ocrx_word' id='word_1_309' title='bbox 190 3760 352 3821; x_wconf 80' lang='lat' dir='ltr'><strong>ablativum</strong></span> <span class='ocrx_word' id='word_1_310' title='bbox 374 3759 405 3817; x_wconf 90' lang='lat' dir='ltr'><strong>in</strong></span> <span class='ocrx_word' id='word_1_311' title='bbox 434 3760 461 3818; x_wconf 86' lang='lat' dir='ltr'><strong>is</strong></span> <span class='ocrx_word' id='word_1_312' title='bbox 484 3778 540 3837; x_wconf 89' lang='lat' dir='ltr'><strong>pro</strong></span> <span class='ocrx_word' id='word_1_313' title='bbox 564 3763 617 3833; x_wconf 81' lang='lat' dir='ltr'><strong>iis,</strong></span> <span class='ocrx_word' id='word_1_314' title='bbox 648 3761 727 3837; x_wconf 89' lang='lat' dir='ltr'><strong>qnod</strong></span> <span class='ocrx_word' id='word_1_315' title='bbox 752 3759 862 3838; x_wconf 82' lang='lat' dir='ltr'><strong>pariter</strong></span> <span class='ocrx_word' id='word_1_316' title='bbox 892 3760 975 3820; x_wconf 87' lang='lat' dir='ltr'><strong>valet</strong></span> <span class='ocrx_word' id='word_1_317' title='bbox 1002 3759 1040 3819; x_wconf 89' lang='lat' dir='ltr'><strong>de</strong></span> <span class='ocrx_word' id='word_1_318' title='bbox 1069 3759 1186 3818; x_wconf 87' lang='lat' dir='ltr'><strong>casibus</strong></span> <span class='ocrx_word' id='word_1_319' title='bbox 1212 3757 1316 3817; x_wconf 89' lang='lat' dir='ltr'><strong>iisdem</strong></span> 
     </span>
     <span class='ocr_line' id='line_1_34' title="bbox 191 3864 1316 3957; baseline -0.004 -29"><span class='ocrx_word' id='word_1_320' title='bbox 191 3871 371 3946; x_wconf 89' lang='lat' dir='ltr'><strong>pronominis</strong></span> <span class='ocrx_word' id='word_1_321' title='bbox 405 3871 627 3930; x_wconf 87' lang='lat' dir='ltr'><strong>domonstrativi</strong></span> <span class='ocrx_word' id='word_1_322' title='bbox 660 3874 723 3957; x_wconf 54' lang='lat' dir='ltr'><strong>is,</strong></span> <span class='ocrx_word' id='word_1_323' title='bbox 743 3879 773 3930; x_wconf 90' lang='lat' dir='ltr'><strong>et</strong></span> <span class='ocrx_word' id='word_1_324' title='bbox 807 3871 858 3929; x_wconf 91' lang='lat' dir='ltr'><strong>ubi</strong></span> <span class='ocrx_word' id='word_1_325' title='bbox 890 3869 1039 3946; x_wconf 83' lang='lat' dir='ltr'><strong>genitivus</strong></span> <span class='ocrx_word' id='word_1_326' title='bbox 1073 3868 1233 3945; x_wconf 80' lang='lat' dir='ltr'><strong>singularis</strong></span> <span class='ocrx_word' id='word_1_327' title='bbox 1267 3864 1316 3926; x_wconf 86' lang='lat' dir='ltr'><strong>vel</strong></span> 
     </span>
     <span class='ocr_line' id='line_1_35' title="bbox 191 3978 1315 4058; baseline -0.003 -20"><span class='ocrx_word' id='word_1_328' title='bbox 191 3980 390 4039; x_wconf 88' lang='lat' dir='ltr'><strong>nominativus</strong></span> <span class='ocrx_word' id='word_1_329' title='bbox 409 3987 440 4040; x_wconf 90' lang='lat' dir='ltr'><strong>et</strong></span> <span class='ocrx_word' id='word_1_330' title='bbox 458 3981 643 4042; x_wconf 66' lang='lat' dir='ltr'><strong>cumarum</strong></span> <span class='ocrx_word' id='word_1_331' title='bbox 661 3981 787 4058; x_wconf 85' lang='lat' dir='ltr'><strong>pluralis</strong></span> <span class='ocrx_word' id='word_1_332' title='bbox 805 3986 928 4056; x_wconf 84' lang='lat' dir='ltr'><strong>quartae</strong></span> <span class='ocrx_word' id='word_1_333' title='bbox 949 3980 1151 4040; x_wconf 85' lang='lat' dir='ltr'><strong>declinationis</strong></span> <span class='ocrx_word' id='word_1_334' title='bbox 1165 3978 1315 4054; x_wconf 79' lang='lat' dir='ltr'><strong>leguntur,</strong></span> 
     </span>
    </p>
   </div>
   <div class='ocr_carea' id='block_1_7' title="bbox 54 4087 1318 4169">
    <p class='ocr_par' dir='ltr' id='par_1_7' title="bbox 54 4087 1318 4169">
     <span class='ocr_line' id='line_1_36' title="bbox 54 4087 1318 4169; baseline -0.005 -18"><span class='ocrx_word' id='word_1_335' title='bbox 54 4110 63 4125; x_wconf 94' lang='lat'><strong>··</strong></span> <span class='ocrx_word' id='word_1_336' title='bbox 191 4107 269 4151; x_wconf 85' lang='lat' dir='ltr'><strong>oum-</strong></span> <span class='ocrx_word' id='word_1_337' title='bbox 287 4089 397 4167; x_wconf 90' lang='lat' dir='ltr'><strong>ubique</strong></span> <span class='ocrx_word' id='word_1_338' title='bbox 421 4111 460 4150; x_wconf 90' lang='lat' dir='ltr'><strong>uu</strong></span> <span class='ocrx_word' id='word_1_339' title='bbox 482 4109 537 4169; x_wconf 88' lang='lat' dir='ltr'><strong>pro</strong></span> <span class='ocrx_word' id='word_1_340' title='bbox 551 4112 571 4152; x_wconf 92' lang='lat' dir='ltr'><strong>u</strong></span> <span class='ocrx_word' id='word_1_341' title='bbox 584 4092 742 4155; x_wconf 67' lang='lat' dir='ltr'><strong>exhibere·</strong></span> <span class='ocrx_word' id='word_1_342' title='bbox 755 4087 840 4166; x_wconf 75' lang='lat' dir='ltr'><strong>Quas</strong></span> <span class='ocrx_word' id='word_1_343' title='bbox 852 4091 943 4169; x_wconf 78' lang='lat' dir='ltr'><strong>igitur</strong></span> <span class='ocrx_word' id='word_1_344' title='bbox 952 4092 1050 4153; x_wconf 88' lang='lat' dir='ltr'><strong>omnia</strong></span> <span class='ocrx_word' id='word_1_345' title='bbox 1059 4096 1094 4152; x_wconf 91' lang='lat' dir='ltr'><strong>ut</strong></span> <span class='ocrx_word' id='word_1_346' title='bbox 1102 4089 1230 4151; x_wconf 80' lang='lat' dir='ltr'><strong>fortasse</strong></span> <span class='ocrx_word' id='word_1_347' title='bbox 1239 4089 1318 4149; x_wconf 82' lang='lat' dir='ltr'><strong>iusta</strong></span> 
     </span>
    </p>
   </div>
   <div class='ocr_carea' id='block_1_8' title="bbox 0 0 1460 4794">
    <p class='ocr_par' dir='ltr' id='par_1_8' title="bbox 0 0 1460 4794">
     <span class='ocr_line' id='line_1_37' title="bbox 0 0 1460 4794; baseline 0 0"><span class='ocrx_word' id='word_1_348' title='bbox 0 0 1460 4794; x_wconf 95' lang='lat' dir='ltr'><strong> </strong></span> 
     </span>
    </p>
   </div>
  </div>
 </body>
</html>
