2888 4794
464 313 597 360 1.1n.1v.
627 314 704 360 ear.
721 315 783 360 xu.
814 308 911 360 sacr.
928 316 959 357 zu.
1211 294 1271 359 301

152 466 329 551 appellata,
366 466 503 530 circuitu
531 487 635 527 xxvn1
664 464 787 528 milium
814 484 984 547 passuum,
1026 459 1184 549 Seriphus
1213 487 1273 540 xn,

152 565 401 651 Prepesinthus,
430 562 576 648 Cythnos
604 564 739 648 ipsaque
765 565 862 649 longe
889 562 1065 627 clarissima
1093 575 1126 628 et
1156 562 1274 649 Cycla·

152 668 229 732 dum
256 668 363 732 media
392 689 429 731 ae
457 668 576 751 templo
597 665 758 751 Apollinis
788 676 821 729 et
848 676 991 729 mercatu
1017 665 1177 730 celebrata
1203 666 1275 731 De-

150 770 216 846 los,
239 791 321 852 quae
344 769 398 831 diu
421 767 585 845 fluctuata,
614 778 651 829 ut
673 766 828 850 proditur,
852 767 919 829 sola
944 778 1065 830 motum
1087 777 1189 831 terrae
1210 789 1275 831 non

151 870 251 933 sensit
272 870 313 932 ad
335 866 383 932 M.
407 867 562 932 Varronis
584 877 738 943 aetatem3
768 865 943 931 Mucianus
964 868 1106 950 prodidit
1125 868 1176 933 bis
1197 890 1274 933 oon-

152 991 288 1032 eussam.
316 967 411 1032 Hane
425 966 618 1031 Aristoteles
637 966 685 1057 ¹ita
706 967 900 1050 appellatam
922 967 1028 1045 tradit,
1052 969 1202 1050 quoniam
1222 991 1274 1033 re·

151 1079 247 1154 pente
276 1068 460 1153 adparuerit
483 1078 592 1144 enata,
620 1066 856 1152 Aglaosthenes
880 1064 1150 1151 Cynthium,'alii
1173 1066 1275 1153 Orty-

152 1171 253 1256 giam,
275 1169 456 1246 Asterium,
479 1167 627 1255 Lagiam,
656 1165 896 1250 Chlamydiam,
922 1166 1097 1252 Cynthum,
1120 1169 1277 1256 Pyrpilen

152 1270 227 1357 igne
253 1270 298 1335 ibi
326 1270 466 1355 primum
493 1279 634 1353 repert03
665 1269 804 1353 cingitur
829 1291 851 1332 v
872 1269 996 1335 milium
1022 1292 1186 1355 passuum,
1217 1272 1276 1336 ad·

153 1372 256 1457 surgit
286 1369 429 1454 Cynthio
457 1379 575 1435 monte.
619 1368 783 1433 Proxuma
811 1369 841 1433 ei
868 1369 981 1435 Rhene
1010 1393 1107 1454 quam
1135 1373 1276 1440 Anticli·
1289 1398 1321 1445 er

146 1472 212 1541 des
240 1469 451 1539 Celadussam
476 1479 586 1548 vocat,
617 1469 694 1534 item
720 1469 902 1535 Artemiten
930 1469 1145 1552 Callidemus3
1175 1472 1276 1560 Syros

152 1667 257 1715 missum
273 1665 363 1715 abillo
380 1663 500 1712 detersuri
512 1660 655 1711 Mercurial.
669 1668 694 1708 et
705 1660 783 1709 aare.
796 1669 905 1710 veterem
916 1663 1146 1726 interpunctionem
1162 1677 1275 1718 mutave·

152 1740 218 1792 runt,
236 1747 313 1794 quam
328 1732 349 1779 si
366 1729 501 1792 sequimur,
518 1728 583 1776 mira
593 1728 651 1775 inde
664 1727 745 1775 oritur
756 1729 886 1776 sententia.
915 1731 981 1779 Nam
993 1738 1022 1780 nt
1034 1740 1131 1781 taceam
1143 1749 1188 1795 per
1204 1750 1275 1797 prae·

152 1801 254 1847 teritum
271 1808 370 1861 tempus
386 1796 464 1845 sensit
477 1795 589 1844 Plinium
604 1802 659 1841 turn
676 1794 723 1843 sibi
741 1796 919 1847 conradiceru.
940 1799 1034 1860 qnippe
1050 1800 1094 1860 qui
1110 1802 1188 1848 modo
1208 1802 1276 1852 dieat

152 1867 248 1914 Delum
264 1875 344 1914 terrae
361 1870 461 1912 motum
477 1878 528 1910 non
545 1862 661 1919 sensisse,
678 1863 755 1909 modo
768 1862 835 1909 dieat
846 1865 961 1923 sensisse,
974 1867 1109 1926 quaeritur,
1122 1883 1166 1915 eur
1177 1871 1275 1919 Mucia·

153 1949 208 1991 nus,
221 1933 264 1995 qni
277 1933 376 1981 dixerat
388 1932 420 1979 ad
431 1929 554 1978 Varronis
564 1926 713 1989 (curantem
724 1930 756 1977 ad
765 1928 841 1976 huius
850 1931 1018 1991 potissimum,
1030 1948 1112 1996 neque
1122 1937 1152 1983 ad
1162 1936 1275 1998 Augusti

152 2001 193 2048 rel
210 2001 275 2048 alius
291 1993 466 2060 aequaliumi)
484 2004 592 2045 aetatem
608 1995 704 2043 Delum
720 1995 758 2044 bis
775 2009 925 2059 concussam
941 1997 1026 2058 luisse,
1045 2001 1065 2048 si
1081 2001 1120 2049 bis
1132 2010 1232 2053 tantum
1248 2004 1275 2052 in

153 2068 297 2117 universum
310 2075 348 2115 est
360 2079 492 2124 concussa,
508 2078 560 2112 non
577 2076 638 2112 suae
654 2063 732 2124 ipsius
744 2063 834 2111 aetatis
850 2065 974 2113 rationem
988 2066 1112 2129 habuerit,
1125 2069 1164 2117 sin
1176 2071 1275 2133 saepius

153 2150 275 2183 concussa
287 2141 333 2193 est,
346 2148 390 2180 eur
405 2147 458 2180 non
470 2131 599 2189 addiderit,
616 2130 714 2192 quoties
727 2138 786 2192 post
798 2131 920 2181 Venonis
932 2141 1040 2182 aetatem
1057 2150 1180 2185 concussa
1191 2136 1274 2186 fuerit.

153 2201 220 2250 Nam
237 2201 302 2249 illud
319 2201 420 2262 quidem
436 2207 558 2258 statuere,
578 2198 727 2247 Mucianum
742 2199 789 2246 has
810 2199 914 2259 notitias
935 2215 968 2250 ex
983 2198 1100 2251 Varrone
1116 2211 1141 2253 et
1162 2205 1275 2253 Plinium

154 2284 219 2329 quae
234 2269 317 2317 Varro
335 2268 433 2316 dixerat
447 2280 500 2315 non
516 2281 548 2316 ex
565 2266 616 2315 hoc
627 2265 696 2328 ipso,
717 2268 764 2317 sed
778 2280 811 2315 ex
827 2267 939 2316 derivato
956 2271 1059 2318 demum
1074 2272 1187 2320 Muciani
1203 2271 1275 2321 fonte

154 2335 275 2395 hausisse,
287 2335 363 2384 nimis
374 2335 507 2384 ridiculum
520 2341 566 2394 est,
584 2348 661 2396 quam
677 2340 705 2380 ut
722 2332 800 2395 lunga
812 2333 963 2384 refutatione
975 2337 1007 2385 sit
1020 2352 1092 2400 opus,
1109 2354 1167 2387 eum
1178 2341 1277 2390 Plinius

156 2408 230 2462 certe,
244 2417 320 2464 quem
330 2403 406 2451 toties
417 2402 533 2451 Varrone
545 2416 619 2451 nsum
631 2415 685 2449 esse
697 2401 798 2460 seimus,
815 2416 867 2450 non
878 2404 991 2454 Muciani
1003 2407 1105 2455 demum
1121 2409 1152 2456 de
1160 2408 1277 2457 Varrone

156 2469 301 2518 testimonie
314 2477 410 2532 egeret3
431 2484 481 2533 quo
493 2470 590 2518 aceedit
601 2469 722 2528 Plinium,
740 2469 762 2517 si
772 2469 882 2518 indicare
893 2472 1024 2534 voluisset,
1045 2488 1072 2522 se
1084 2475 1151 2524 hane
1168 2478 1198 2526 de
1210 2477 1275 2525 Var-

154 2551 217 2586 rone
228 2538 345 2587 notitiam
355 2537 475 2587 Mueiane
486 2538 585 2596 debere,
597 2551 649 2584 non
661 2536 814 2584 omissurum
824 2535 902 2586 luisse
914 2540 1012 2599 addere,
1021 2541 1169 2591 Mucianum
1181 2544 1233 2591 hoc
1243 2556 1277 2593 ex

155 2604 211 2666 ipso
223 2604 340 2655 Varrone
349 2604 491 2666 sumpsisse.
508 2604 556 2653 His
568 2612 653 2652 autem
663 2617 728 2665 qnae
741 2605 774 2651 ad
788 2604 963 2653 stabiliendam
973 2615 1084 2656 veterem
1097 2610 1276 2671 interpunctio-

155 2686 213 2720 nem
230 2673 305 2721 attuli
320 2672 475 2733 argumentis
490 2671 602 2719 Pintiani
619 2683 722 2731 quoque
738 2670 917 2730 coniecturam,
934 2677 1137 2723 commendatam
1149 2676 1221 2724 illum
1231 2691 1277 2738 per

155 2740 228 2788 codd.
240 2739 304 2798 AT,
321 2738 380 2786 satis
391 2736 526 2785 refutatum
538 2751 592 2784 esse
604 2737 688 2794 eredo,
705 2750 751 2796 per
767 2750 845 2796 quam
856 2744 967 2785 ceterum
983 2740 1029 2788 illa
1044 2741 1146 2803 ineptia,
1164 2757 1208 2791 eur
1218 2743 1277 2792 Mu·

156 2806 243 2854 cianus
261 2805 364 2852 adrem
380 2804 443 2851 adeo
459 2802 651 2851 memorabilem
668 2802 857 2850 describendam
873 2803 997 2853 Varronis
1037 2807 1179 2856 ctissimum
1195 2822 1277 2871 neque

156 2871 268 2932 Augusti
284 2877 366 2919 aetate
382 2885 442 2918 usus
459 2868 543 2929 fuerit,
559 2869 670 2916 multum
682 2875 795 2930 augetur.
815 2909 846 2916 ..
865 2869 941 2918 bis..
956 2821 1107 2935 appellatam
1119 2889 1170 2923 om.
1184 2877 1225 2924 (1¹.
1244 2916 1276 2924 -

156 2934 309 2995 Aristoteles,
320 2936 371 2984 vid.
383 2936 524 2986 Neumann.
542 2936 573 2985 de
584 2935 732 2984 Aristotelis
744 2936 897 2997 rerumpubl.
909 2937 1026 3000 fragmm.
1038 2955 1062 3002 p.
1077 2945 1133 2989 109.
1147 2981 1178 2989 -
1192 2940 1277 3001 trudit,

155 3005 189 3053 A.
209 3003 321 3064 tradidit,
329 3004 376 3052 Rd
384 3005 401 3051 '·'.
416 3001 534 3067 prodidit,
542 2997 564 3063 β
568 3016 593 3067 γ.
613 3002 696 3053 Om.d
708 3004 722 3050 ¹.
736 3043 767 3050 -
784 3001 967 3066 Aylaestlsenes,
979 3007 1079 3056 Reines.
1089 3023 1140 3056 var.
1152 3010 1209 3058 lect
1220 3015 1244 3069 2,
1254 3014 1276 3059 6.

156 3087 181 3135 p.
196 3076 252 3121 161.
270 3068 433 3136 Aeqlortenes,
444 3070 506 3120 ΒΛ.
525 3067 705 3134 Aeqlostltenes,
716 3071 731 3118 d
736 3066 786 3134 βγ.
800 3111 831 3118 -
848 3069 986 3135 Cyucliam,
996 3074 1028 3123 R.
1051 3072 1188 3138 engratiam,
1199 3076 1234 3126 A.
1245 3117 1277 3125 -

156 3137 306 3202 Pelasqt’cm,
318 3139 351 3188 K.
369 3179 400 3186 -
423 3135 599 3202 chlamydum,
611 3153 635 3186 v.
648 3137 737 3201 steph.
749 3138 812 3201 Byr.
825 3156 845 3188 s.
858 3154 880 3187 v.
894 3132 988 3204 Δῆλος.
1015 3139 1078 3191 cera
1089 3143 1233 3210 nymidyem,
1245 3145 1277 3195 R.

160 3204 255 3256 Chaon
267 3204 382 3267 crumina,
395 3206 428 3255 A.
456 3205 654 3270 eercnlmydiam,
668 3208 691 3254 d.
723 3203 815 3266 Geram,
827 3219 850 3255 σ.
870 3248 900 3255 ..
929 3206 1054 3272 cyathum,
1071 3227 1091 3259 r.
1122 3209 1277 3274 Quaedam,

134 3336 137 3341 ,
156 3277 201 3338 dy.
228 3271 349 3338 Gynetum,
361 3274 424 3324 BA.
451 3272 590 3338 Qnetlam,
602 3269 630 3334 β.
653 3274 712 3322 Vid.
725 3273 813 3336 Steph.
825 3273 888 3336 Byr.
901 3275 918 3323 l.
931 3277 948 3324 l.
967 3317 998 3325 -
1016 3275 1142 3341 Pyrpilen,
1161 3281 1184 3328 d.
1211 3277 1278 3349 Pyr·

152 3342 234 3405 pylea,
245 3342 279 3390 A.
305 3338 433 3406 Pyspiloa
449 3343 481 3391 R.
507 3338 641 3405 Pyrpolon,
652 3340 757 3389 Barbar.
770 3341 802 3389 K.
829 3339 963 3405 Pyrpilem‚
975 3338 1024 3407 βγ.
1050 3343 1182 3408 Pyrpolen,
1199 3348 1279 3397 altera

155 3408 261 3522 {orbari
270 3406 600 3533 coniectura.b..sscyntltio,
613 3408 686 3456 codd.
698 3408 798 3456 Broter.
824 3404 933 3474 Ciatlyo,
946 3410 976 3457 R.
1004 3408 1106 3473 Clitbio,
1118 3413 1151 3460 A.
1174 3412 1277 3473 cinthio,

182 3512 188 3523 .
210 3475 301 3535 Olutro,
314 3478 337 3524 d.
395 3484 422 3523 nt
440 3492 460 3534 e,
495 3510 501 3522 .

190 3545 204 3604 ἓ
218 3548 258 3592 67.
276 3473 395 3590 Prorirllr
407 3542 437 3600 ei,
448 3540 501 3591 Ru.
519 3539 642 3600 Proxime,
654 3541 687 3589 A.
702 3582 733 3588 -
746 3539 837 3601 Rhene,
849 3541 952 3591 Barbar.
965 3543 1018 3593 Rd.
1036 3541 1155 3606 liberere,
1166 3559 1191 3594 σ.
1209 3543 1277 3595 lete.

156 3623 236 3669 renue,
247 3608 281 3657 A.
295 3650 326 3656 -
339 3606 476 3668 Anticlites,
484 3607 516 3656 B.
534 3608 606 3658 Pone
617 3609 684 3656 hane
692 3623 783 3656 vocem
792 3623 857 3671 quae
868 3611 936 3672 apud
944 3610 1055 3659 Plinium
1067 3612 1187 3672 leguntur
1197 3628 1278 3676 usque

157 3675 188 3722 ad
202 3681 225 3736 5,
238 3681 278 3725 ³4.
295 3677 321 3724 in
337 3676 464 3725 codicibus
480 3676 525 3724 Ra
540 3675 659 3737 leguntur
674 3676 828 3738 transposita
842 3690 909 3739 pone
926 3692 1020 3726 nomen
1032 3678 1156 3726 Anarime
1174 3685 1197 3738 2,
1212 3682 1277 3741 187,

156 3741 200 3789 ubi
211 3757 234 3790 v.
248 3757 312 3805 qnae
324 3742 384 3791 dixi.
404 3783 435 3791 -
462 3740 628 3795 Celadussam.
641 3744 665 3791 d.
693 3741 847 3803 Celadusam,
859 3744 893 3792 A.
915 3742 1093 3804 Acellatusam,
1105 3747 1136 3795 R.
1155 3775 1186 3793 a.
1206 3744 1277 3807 idem,

157 3806 188 3856 R.
209 3849 240 3856 -
257 3808 400 3869 Artemiten,
411 3810 445 3857 A.
471 3811 556 3858 Artem
569 3807 653 3867 aaa.
677 3809 823 3868 Artemitd.
848 3810 1056 3871 Artemin,Hurd.
1069 3826 1094 3876 r.
1114 3853 1145 3859 -
1168 3810 1276 3862 Callide-

157 3889 216 3935 mua,
232 3876 269 3923 ita
279 3890 327 3924 nos
338 3876 482 3936 scripsimus
494 3890 527 3924 ex
539 3877 684 3925 coniectura
696 3878 830 3925 audaciore
842 3878 952 3938 quidem,
970 3893 1125 3941 quamquam
1141 3894 1194 3928 non
1205 3894 1277 3943 pror-

157 3957 207 4000 sus,
219 3942 257 3989 uti
269 3942 381 4002 arbitror,
393 3942 560 4005 improbabili.
583 3939 643 3990 Cael
654 3942 706 4001 adi,
719 3944 752 3991 R.
774 3942 885 4006 Geludye,
897 3944 931 3994 A.
945 3944 1014 3995 chael
1026 3945 1084 4009 adp,
1096 3948 1119 3994 d.
1132 3944 1276 4009 Helladius,

156 4003 184 4068 β.
202 4006 359 4067 Hellanicus,
375 4008 453 4058 Hard.
465 4022 489 4073 γ.
519 4009 568 4059 Sed
580 4009 645 4057 illud
657 4010 758 4072 quidem
769 4024 862 4058 nomen
873 4026 999 4074 nusquam
1012 4013 1072 4061 alibi
1088 4027 1170 4074 neque
1181 4015 1208 4062 in
1219 4016 1276 4078 ipso

156 4091 232 4140 opere
248 4090 329 4140 neque
345 4076 371 4123 in
388 4083 520 4125 auctorum
531 4077 745 4126 indicibushabet
755 4077 865 4136 Plinius,
886 4079 938 4127 boc
950 4095 965 4128 a
977 4079 1094 4129 codicum
1105 4081 1227 4145 scriptura
1237 4082 1276 4132 ui·

156 4146 204 4195 mis
215 4145 316 4194 recedit.
345 4142 446 4192 Collsto
464 4143 542 4205 igitur
552 4144 628 4192 huius
643 4144 702 4194 libri
713 4144 796 4192 indice
807 4144 907 4192 nullum
918 4159 1012 4195 nomen
1025 4163 1041 4196 a
1052 4147 1168 4198 ductibus
1179 4150 1276 4199 littera·

156 4229 211 4327 rurp
223 4212 339 4328 ppopiup³
340 4213 430 4337 pbespe
432 4210 574 4328 6141110111ωέ
584 4224 660 4272 quam
665 4208 829 4332 1{lellidemua
843 4211 914 4262 euius
925 4215 1098 4264 testimonium
1109 4216 1135 4263 in
1147 4217 1276 4267 simillima

156 4292 183 4329 te
205 4294 237 4327 aa
256 4289 307 4329 avit
350 4293 383 4327 m.
467 4313 472 4325 .
497 4316 528 4326 -
574 4292 652 4341 cyrus.
692 4313 698 4326 .
