2888 4794
110 316 113 321 '
193 309 252 350 um
559 346 563 357 ,
666 308 855 354 rusursulo.

192 461 305 520 librarii
317 461 495 538 inquinatus,
514 480 611 539 neque
623 481 745 539 prorsus
766 465 841 524 liber
857 462 1127 543 interpolatiombua
1154 465 1216 524 aina
1229 465 1317 525 dubio

193 573 253 630 iam
271 572 303 629 in
321 571 419 630 codice
433 573 496 630 eius
515 573 673 651 archetypo
687 573 792 636 obviis.
814 575 862 633 Ita
876 569 928 649 34,
945 571 986 649 5.,
1002 577 1053 634 ubi
1067 576 1160 652 vulgo
1178 586 1257 636 recte
1274 578 1318 635 le·

194 681 273 757 gitur
287 685 414 754 caelavit,
434 699 500 740 cum
515 681 723 742 Riccardianus
737 683 858 742 haberet
875 685 962 744 solito
978 703 1078 743 errore
1092 687 1220 758 exalabit,
1240 687 1272 744 in
1285 685 1318 745 V

193 791 304 850 iactum
323 798 369 850 est
387 795 528 861 maletuti
548 788 600 866 36,
617 788 668 854 51.
691 794 782 870 vulgo
802 802 880 852 recte
900 803 998 854 exstat
1015 799 1080 872 peti
1097 799 1214 868 acuaris,
1237 797 1318 872 quod

193 903 339 962 communi
357 920 457 961 errore
475 902 596 981 syllabis
616 902 768 980 discerptis
786 904 914 981 primum
938 911 1084 965 mutatum
1116 913 1161 964 est
1177 906 1209 963 in
1225 909 1318 982 petias

191 1015 280 1085 ceris,
293 1020 368 1084 tm,
383 1011 518 1088 quiahoc
530 1011 615 1071 nihili
628 1013 791 1087 videbatur,
806 1015 837 1072 in
847 1017 955 1091 petisse
968 1018 1055 1087 uara,
1071 1015 1151 1091 quod
1164 1002 1273 1090 legitur¹
1285 1016 1317 1074 iu

191 1122 329 1181 Parisino
344 1120 375 1195 h,
395 1122 521 1198 denique
534 1140 588 1200 per
601 1123 855 1200 interpolationem
869 1125 977 1183 codicis
990 1124 1022 1182 V
1038 1125 1070 1182 in
1086 1127 1193 1203 petisse
1206 1128 1318 1192 amatas

192 1226 349 1305 33143,Ι
367 1232 418 1290 ubi
437 1251 454 1290 e
471 1231 684 1308 Bambergensi
702 1234 855 1293 restitutus
870 1242 915 1293 est
928 1252 1070 1293 numerus
1092 1234 1155 1306 OD,
1181 1253 1236 1312 pro
1257 1251 1317 1311 quo

191 1340 224 1399 iu
238 1342 323 1403 codd.
337 1347 369 1399 et
385 1343 465 1401 editt.
485 1343 599 1400 numeri
618 1343 769 1419 depravati
788 1343 937 1419 leguntur,
958 1345 1025 1421 ipse
1045 1363 1111 1403 cum
1125 1344 1317 1404 Riccardiano

192 1453 281 1511 habet
298 1452 455 1512 ridiculam
472 1452 727 1530 interpolationem
748 1456 876 1514 alemena
905 1454 955 1512 Ex
973 1454 1121 1514 nonnullis
1141 1456 1247 1513 harum
1267 1455 1317 1513 in·

192 1562 419 1639 terpolationum
449 1562 588 1622 discimus
622 1563 814 1642 archetypum
840 1564 946 1623 codicis
967 1564 999 1623 V
1022 1564 1128 1623 litteris
1152 1563 1318 1624 unciahbus

192 1671 285 1739 luisse
311 1673 468 1749 scriptum3
495 1691 564 1732 uam
585 1668 643 1745 36,
666 1670 718 1732 72.
743 1692 799 1751 pro
824 1693 859 1732 eo
883 1675 963 1749 quod
987 1693 1065 1734 unus
1089 1674 1317 1750 Bambergeusia

192 1788 272 1841 recte
285 1782 374 1841 habet
387 1781 465 1843 Novi
476 1783 496 1841 i.
511 1801 537 1841 e.
553 1782 650 1854 Nouii,
664 1782 696 1841 V
710 1782 828 1842 exhibet
842 1802 897 1841 aon
911 1785 951 1855 L,
966 1801 1042 1859 quae
1056 1785 1201 1860 scriptura
1214 1790 1319 1861 postca

158 1904 160 1908 “
192 1892 321 1970 plurium
345 1892 614 1969 interpolationum,
636 1892 739 1969 quales
760 1892 851 1969 vulgo
870 1901 1005 1968 regnant,
1027 1895 1210 1954 occasionem
1229 1894 1317 1952 dedit.

192 2003 282 2063 Hunc
295 2021 411 2080 quoque
425 2003 533 2062 librum
546 2003 577 2066 in
592 2021 674 2062 meos
689 2022 761 2062 usus
776 2004 899 2062 contulit
912 2006 942 2063 b.
957 2002 1091 2064 Nauta.

235 2111 339 2171 Codex
359 2106 571 2173 Riccardianus
590 2107 648 2193 (R)
668 2115 919 2185 membranaceus,
939 2113 1052 2174 formae
1065 2114 1221 2186 maximae,
1241 2113 1318 2172 binis

193 2222 338 2281 columnis
354 2225 480 2299 scriptus
496 2222 624 2294 saeculo,
639 2229 673 2280 ut
686 2221 815 2283 Bandini
834 2230 943 2296 censat,
959 2241 1037 2282 nouo
1050 2223 1154 2283 litteris
1168 2223 1318 2282 minuscu-

193 2331 230 2390 lis
249 2331 317 2390 huic
335 2333 425 2391 aetati
438 2331 564 2409 propriis
580 2350 600 2389 a
613 2332 749 2409 pluribus
763 2333 903 2406 librariis,
919 2352 1045 2407 quorum
1058 2335 1119 2392 duo
1131 2334 1320 2393 nominasua

194 2443 415 2520 adscripserunt
420 2459 429 2513 ;
450 2443 528 2500 libro
547 2443 624 2501 enim
646 2438 698 2500 32.
714 2445 729 2512 5
746 2437 817 2501 112.
831 2443 862 2500 in
876 2443 933 2501 fine
947 2442 1012 2502 folii
1025 2445 1133 2520 legitur
1149 2443 1319 2504 Guslielmus
1364 2530 1367 2535 Ι

193 2555 321 2620 subdiac.
331 2562 361 2613 et
371 2554 439 2612 libri
450 2547 502 2612 35.
511 2552 697 2630 paragrapho
713 2548 783 2612 191.
799 2554 979 2630 adscriptum
986 2555 1123 2614 estEtias
1129 2555 1320 2613 subdiaconus

194 2667 322 2741 scripsit.
344 2663 433 2722 Alius
448 2665 544 2724 scriba
558 2663 650 2723 alium
662 2663 783 2722 nuncin
798 2665 855 2721 fine
869 2662 944 2736 folii,
959 2664 1082 2723 nuncin
1095 2664 1179 2722 initio
1189 2663 1319 2722 dusdem

194 2775 259 2835 iolii
276 2775 403 2853 paginae
423 2775 577 2849 secundae,
598 2792 677 2835 nunc
695 2775 731 2833 in
747 2775 843 2833 madia
860 2774 969 2852 pagina
981 2774 1107 2850 excepit,
1121 2775 1164 2833 ita
1176 2779 1212 2832 ut
1224 2790 1320 2851 pauca

195 2893 311 2944 tantum
324 2884 396 2944 lolia
411 2886 520 2945 seriore
534 2893 665 2962 tempore
679 2886 790 2944 inserta
803 2903 867 2944 asse
881 2884 1046 2943 videantur.
1074 2883 1152 2942 Hinc
1167 2881 1319 2941 characte-

194 3014 262 3055 rum
274 2994 445 3071 magnitudo
460 3002 489 3052 et
502 2994 598 3052 forma
611 3001 640 3052 et
654 2995 809 3052 atramenti
823 2995 903 3052 color
916 2996 948 3052 iu
961 2994 1027 3052 aliis
1041 2994 1114 3052 locis
1124 2987 1200 3074 salia,
1213 2990 1320 3050 litteris

196 3114 294 3163 tamen
317 3105 422 3162 iisdem
445 3103 553 3179 ubique
578 3103 712 3162 servatis.
740 3101 862 3162 Litteris
887 3104 1057 3163 maiusculis
1083 3102 1231 3162 rarissime
1250 3108 1322 3159 sunt

196 3215 246 3273 usi
264 3189 383 3276 h‘brsrii.
411 3211 535 3288 Singula
554 3216 645 3273 verba
664 3215 822 3290 separatim
844 3214 954 3290 scripta
972 3222 1041 3272 sunt
1059 3214 1247 3289 plerumque,
1268 3229 1321 3269 no-

196 3324 278 3382 mina
298 3323 419 3401 propria
435 3323 547 3400 passim
565 3325 722 3382 cohaerent
734 3330 787 3382 aut
800 3324 917 3383 litterae
931 3324 969 3382 ab
983 3298 1044 3382 uno
1057 3323 1097 3380 ad
1111 3321 1237 3380 alterum
1252 3325 1322 3378 sunt

197 3434 367 3506 translatae,
391 3444 443 3494 aut
461 3434 491 3492 in
510 3435 567 3492 fine
588 3434 692 3511 prioris
707 3441 737 3492 et
749 3434 832 3493 initio
845 3433 1015 3510 posterioris
1030 3439 1215 3491 occurrentes
1231 3429 1323 3489 semel

198 3524 311 3601 tantum
326 3543 475 3618 leguntur.
498 3544 567 3604 Una
580 3545 727 3604 detinctio
741 3553 787 3603 est
799 3553 952 3620 punctum.
972 3522 1110 3619 Cupitum
1123 3540 1239 3600 numeri
1252 3556 1322 3599 raro

200 3653 306 3725 notati,
327 3654 497 3729 compendia
518 3655 678 3732 scripturae
697 3673 808 3731 pauca,
829 3653 1004 3711 adsimilatio
1022 3652 1272 3729 praepositionum
1291 3649 1323 3708 in

199 3764 296 3823 verbis
321 3764 488 3841 compositis
512 3764 574 3824 iare
598 3765 748 3840 neglecta3
772 3764 883 3823 multae
907 3763 1023 3821 litterae
1049 3762 1103 3821 arbi
1124 3761 1233 3821 similes
1255 3777 1323 3818 sac-

199 3875 318 3950 piseime
332 3874 560 3947 confunduntur,
579 3892 705 3949 quarum
720 3872 921 3932 confusionum
936 3873 1008 3932 satis
1021 3874 1101 3932 bona
1114 3889 1183 3948 pars
1198 3878 1264 3929 orta
1278 3876 1325 3927 est

201 3999 239 4040 ex
252 3984 363 4042 ratione
377 3986 482 4044 codicis
496 3983 656 4063 archetypi,
671 3985 748 4043 unde
762 3984 972 4043 Riccardianus
986 3991 1031 4042 est
1047 3982 1253 4059 transcriptus.
1266 3978 1324 4038 llle

203 4091 313 4154 scilicet
329 4093 433 4152 litteris
451 4093 615 4160 uncialibus
636 4095 762 4172 scriptus
782 4101 855 4170 erat,
875 4095 955 4170 quod
972 4094 1089 4154 abunde
1107 4098 1255 4153 testantur
1266 4089 1325 4149 loci

203 4201 305 4276 quales
320 4209 389 4260 aunt
404 4199 434 4275 2,
450 4201 512 4278 29,
527 4206 578 4264 ubi
591 4224 647 4281 pro
662 4207 785 4282 vulgato
799 4205 934 4267 IGNEA
952 4206 998 4267 VI
1007 4204 1097 4265 habat
1109 4204 1203 4264 codex
1216 4202 1245 4262 R
1259 4203 1324 4280 igue
