2888 4794
618 310 807 356 rnnnnnrro.
1189 312 1280 371 ιω

158 464 215 523 dici
227 470 364 542 possunt,
378 464 421 522 ita
435 464 506 524 vitia
519 482 637 541 quoqne
650 466 708 542 ipsi
722 484 788 525 cum
804 465 871 526 aliis
886 466 1032 525 codicibus
1047 464 1216 525 communia·
1226 482 1278 523 ω-

158 576 217 633 dex
226 575 356 652 optimus
367 574 466 648 habet,
481 591 607 650 quorum
618 577 796 652 gravissima
815 575 879 635 iera
897 582 967 634 sunt
980 575 1106 636 Annibal
1119 581 1150 633 et
1164 573 1279 647 similia,

157 686 337 756 Brittannia,
353 686 552 762 interpraetor,
564 688 675 763 paullo,
686 690 841 764 mnium.
864 685 947 745 Haec
956 686 989 744 in
998 702 1135 762 praesens
1146 685 1281 743 sufficere

158 795 333 854 videbantur
346 795 385 853 ad
400 793 639 871 orthographiam
659 794 827 856 Plinianam
847 795 1065 873 exponendam,
1088 795 1172 853 cuius
1186 793 1282 869 prima

158 904 349 963 fundamenta
366 905 470 964 iecisse
489 903 600 980 aliquid
617 923 684 963 esse
704 909 860 982 putabam3
887 904 1035 980 longiores
1060 903 1282 963 dissertationes

158 1015 266 1073 addere
279 1015 332 1074 vix
346 1022 450 1091 aptum
464 1014 628 1087 videbatur,
643 1033 710 1074 cum
724 1016 784 1074 alia
797 1035 817 1074 a
829 1015 979 1092 Wagnero
991 1015 1032 1074 ita
1046 1017 1106 1075 sint
1115 1013 1281 1090 profligata,

159 1125 243 1182 utin
260 1125 297 1183 iis
318 1126 502 1200 acquiescere
520 1142 653 1201 possem,
674 1125 732 1184 alia
746 1126 809 1184 aine
824 1123 971 1184 codicibus
984 1126 1082 1202 qualis
1095 1131 1141 1182 est
1153 1121 1282 1197 Vergilii

157 1232 308 1294 Mediceus
321 1253 482 1309 numquam
495 1234 654 1294 diiudicare
667 1234 765 1295 liceat.
788 1233 875 1309 Quod
888 1244 1038 1313 postremo
1051 1235 1090 1293 ad
1108 1233 1199 1293 libros
1212 1231 1281 1291 illos

159 1343 284 1419 priores,
299 1345 351 1403 ubi
364 1346 494 1404 codicem
507 1343 535 1403 Β
549 1346 759 1418 desideramus,
775 1346 887 1421 attinet,
902 1366 962 1406 non
975 1363 1071 1423 pauca
1083 1344 1113 1403 in
1126 1344 1161 1402 iis
1175 1360 1281 1402 occur·

160 1440 256 1513 rantia
268 1454 433 1531 peripsum
446 1455 530 1514 illum
545 1456 675 1517 codicem
688 1458 727 1515 ad
741 1455 885 1531 liquidum
896 1461 965 1515 sunt
975 1456 1131 1533 perducta3
1145 1453 1205 1511 alia
1215 1453 1281 1512 bre·

157 1563 235 1621 viter
246 1565 403 1623 adnotandi
417 1565 531 1642 copiam
541 1567 765 1626 commentarius
777 1567 895 1626 criticus
905 1568 1035 1644 praebet,
1046 1565 1078 1623 in
1088 1581 1146 1641 quo
1157 1581 1281 1640 expres-

157 1672 199 1731 sis
213 1675 313 1733 verbis
328 1677 563 1750 commemoravi,
578 1695 657 1753 qnae
670 1678 797 1754 potiores
810 1677 904 1736 libros
918 1669 1072 1756 (AVRa)
1082 1681 1211 1735 secutus·
1224 1691 1281 1732 no·

157 1783 255 1840 vanda
268 1785 409 1862 putabam
415 1802 434 1855 3·
440 1804 535 1862 panea
549 1789 703 1861 quaedam,
714 1806 790 1863 quae
800 1776 974 1847 universum
981 1784 1102 1860 aliquod
1111 1801 1204 1860 genus
1215 1798 1281 1857 ape·

158 1900 253 1962 etant,
272 1892 319 1951 hic
340 1895 440 1951 statim
461 1898 706 1955 commemorabo.
737 1896 786 1954 Ita
802 1896 834 1952 in
847 1894 1014 1952 nominibus
1028 1891 1231 1970 geographicis
1244 1891 1276 1950 in

158 2016 241 2071 eoos,
256 2017 338 2078 ησος,
356 2018 418 2065 tce<
436 2004 613 2062 exeuntibus
638 2004 747 2064 summi
766 2003 907 2063 Lobechii
931 2008 1089 2081 praecepta
1112 1997 1280 2081 (patholog.
1390 2057 1393 2061 .

159 2111 303 2169 sermonis
318 2108 426 2170 Graeci
439 2132 474 2190 p.
485 2108 684 2196 lot-435.)
699 2133 718 2174 a
730 2115 802 2173 meis
816 2130 932 2191 qnoque
946 2112 1094 2173 codicibus
1107 2098 1281 2188 plerumque

158 2223 360 2298 comprobata,
376 2231 517 2298 quantum
531 2216 624 2301 potui,
640 2245 706 2285 sum
720 2233 854 2297 secutus3
870 2225 989 2284 nomina
1002 2222 1165 2282 insularum
1180 2220 1278 2282 Grae-

155 2347 259 2388 carum
279 2332 312 2389 in
331 2333 507 2394 editionibus
528 2336 657 2412 vulgatis
674 2339 816 2415 pleraque
836 2335 934 2396 omnia
953 2335 984 2393 in
998 2352 1052 2393 asa
1065 2333 1202 2392 exeuntia
1215 2341 1280 2391 tum

158 2439 189 2497 in
203 2460 273 2501 assa
285 2444 446 2518 transduxi,
461 2446 513 2505 ubi
525 2447 564 2506 ab
578 2448 729 2508 adiectivis
744 2444 868 2506 Graecis
881 2446 913 2505 in
930 2422 1004 2517 ὦς’,
1023 2422 1132 2517 aaa,
1149 2421 1205 2500 nab
1225 2443 1280 2501 de·

156 2551 253 2610 rivata
273 2570 339 2612 esse
359 2556 509 2632 apparuit3
530 2577 561 2617 v.
575 2555 748 2616 Buttmann.
769 2564 925 2632 grammat.
940 2552 994 2614 Gr.
1015 2554 1105 2631 ampl.
1128 2552 1167 2612 Τ.
1185 2553 1228 2612 Π.
1248 2573 1280 2630 p.

157 2655 230 2722 387.
244 2663 314 2722 coll.
327 2662 501 2744 Bernhardy
514 2667 553 2724 ad
567 2665 691 2746 Dionys.
706 2668 817 2743 perieg.
831 2685 862 2742 p.
880 2661 953 2725 640.

197 2766 402 2832 Necessarium
419 2775 479 2833 iarn
495 2783 552 2847 est,
573 2784 608 2835 ut
628 2776 752 2834 lectores
773 2775 812 2832 de
831 2775 944 2832 ratione
960 2773 1095 2832 conditae
1114 2772 1202 2829 huius
1217 2772 1280 2830 edi-

155 2878 242 2968 tionis
257 2883 447 2959 dispositique
460 2885 664 2944 commentarii
682 2883 773 2944 critici
789 2884 918 2955 doceam,
932 2901 970 2942 ne
987 2883 1018 2941 in
1036 2888 1119 2942 tanta
1132 2881 1281 2940 variarum

156 2991 312 3052 lectionum
322 2993 400 3052 mole
410 3002 440 3053 et
448 2994 479 3052 in
489 2995 632 3055 brevitate
644 3013 704 3072 qua
716 2993 788 3053 mrhi
801 2994 945 3053 utendum
960 2992 1017 3052 fuit
1029 2993 1239 3070 perturbentur
1252 2999 1282 3051 et

156 3101 264 3177 quibus
276 3121 315 3161 ex
329 3103 466 3164 subsidiis
481 3106 587 3165 criticis
602 3123 748 3182 quemque
762 3106 860 3164 locum
874 3105 1085 3176 constituerim,
1095 3103 1198 3162 incerti
1211 3102 1281 3161 hae·

156 3217 250 3271 raant.
273 3212 313 3271 Et
327 3214 407 3288 quod
420 3216 459 3289 ad
478 3216 610 3275 codicum
629 3217 767 3275 lectiones
774 3217 895 3300 attinet,
916 3215 995 3274 hunc
1009 3233 1121 3274 morem
1140 3214 1232 3287 tenui,
1246 3221 1282 3275 ut

156 3318 278 3395 singulis
294 3323 386 3382 Plinii
404 3324 487 3384 libris
506 3324 625 3384 nomina
645 3326 778 3384 codicum
798 3325 1036 3400 praescriberem,
1057 3325 1106 3400 qui
1127 3344 1181 3402 per
1202 3324 1281 3383 hunc

155 3412 265 3489 librum
282 3442 334 3492 aut
352 3434 407 3493 toti
426 3441 478 3493 aut
497 3436 606 3511 partim
623 3434 653 3492 in
672 3453 770 3493 meum
789 3453 877 3505 usum
895 3442 948 3492 aut
967 3436 1094 3512 primum
1112 3442 1165 3495 aut
1183 3438 1280 3496 denuo

156 3547 227 3599 sunt
238 3541 282 3600 ita
299 3544 410 3616 collati,
428 3553 463 3604 nt
476 3543 607 3604 virorum
621 3547 774 3604 doctorum
787 3544 867 3616 fidei,
887 3545 938 3620 qui
952 3544 1009 3604 hoc
1022 3546 1171 3624 negotium
1185 3546 1279 3604 subia-

153 3659 234 3726 runt,
248 3652 323 3711 fides
336 3653 438 3714 haberi
449 3663 557 3730 posset,
573 3662 695 3732 excepto
701 3654 859 3727 Toletano,
872 3655 1008 3730 quemad
1019 3657 1202 3734 superiorum
1212 3672 1278 3711 rna-

154 3763 201 3836 gis
218 3763 404 3824 saeculorum
424 3767 513 3840 ‘quam
527 3766 621 3825 nostri
639 3783 773 3825 normam
793 3783 857 3824 esse
874 3767 1016 3826 collatum
1035 3783 1127 3841 supra
1145 3782 1176 3840 p.
1202 3763 1278 3823 xli.

153 3871 225 3931 dixi.
251 3872 378 3932 Illorum
402 3875 494 3951 igitur
514 3876 645 3935 codicum
670 3877 831 3952 scripturas
850 3893 951 3934 omnes
976 3874 1111 3933 omnibus
1131 3873 1278 3934 lemmatis

154 3981 323 4042 adsmibere
336 4003 395 4043 non
409 3984 467 4044 fuit
481 4002 572 4060 opus3
592 3985 766 4062 plerumque
780 4002 841 4056 eas,
863 4001 939 4059 quae
951 3982 1105 4043 lectionem
1119 3985 1179 4053 iam
1191 3983 1222 4044 in
1237 3980 1278 4067 βγ

155 4098 320 4153 exstantem
333 4102 364 4153 et
376 4113 395 4154 a
409 4111 455 4152 me
469 4101 616 4153 servatam
630 4095 852 4164 confirmabant,
873 4092 965 4152 omisi·
975 4111 1025 4153 eas
1039 4094 1276 4169 modoafferens,

155 4220 232 4278 qnae
252 4206 291 4265 ab
311 4205 358 4265 his
377 4213 463 4265 erant
483 4203 625 4266 diversae.
655 4201 768 4278 Quodsi
782 4209 879 4264 tamen
893 4203 923 4264 in
937 4203 1011 4266 locis
1024 4207 1173 4268 nonnullis
1187 4205 1277 4285 paulo
1392 4204 1408 4235 ¹*

467 4389 480 4421 Χ
