2888 4794
616 318 805 362 natussum.
972 328 977 338 “
1110 318 1114 334 ⁸
1186 319 1268 362 Lxm

145 477 201 536 bns
216 491 288 534 vera
301 471 388 531 lectio
401 472 616 545 inveniebatur,
632 489 708 548 quae
727 473 757 532 in
776 472 842 532 aliis
861 481 915 532 aut
932 473 1039 533 leviter
1058 477 1197 548 corrupto
1216 479 1270 530 aut

145 583 231 644 foede
249 581 427 661 interpolato
440 589 580 641 exstaret.
608 582 691 655 Inde,
707 583 786 657 quod
800 583 947 660 scriptura
959 581 1060 658 aliqua
1072 581 1167 640 facilis
1179 579 1269 640 intel·

145 695 234 765 lectu,
249 693 343 751 altera
357 710 431 752 vero
444 692 487 751 ita
501 699 642 769 corrupta
655 700 716 765 est,
731 699 767 750 ut
780 692 874 770 primo
888 692 994 752 obtutu
1007 711 1100 768 paene
1113 691 1201 750 fldem
1214 710 1269 751 ex·

146 804 231 863 cedat
243 821 282 860 ex
294 801 372 861 facili
390 802 443 860 illa
457 803 604 879 scriptura
624 809 685 860 tam
705 803 820 879 ineptos
836 821 950 862 errores
965 803 1036 861 oriri
1050 802 1190 879 potuisse,
1211 819 1271 861 non

146 912 246 973 statim
269 911 495 970 existimandum
516 912 678 971 faciliorem
696 911 913 990 interpolationi
931 911 1019 970 alicui
1038 911 1147 971 deberi.
1175 911 1271 969 Immo

146 1023 196 1083 vel
213 1024 245 1082 in
265 1021 382 1100 optimis
401 1022 569 1095 codicibus,
589 1022 634 1081 uti
646 1022 831 1099 potissimum
844 1021 907 1094 Ba,
921 1022 1032 1097 ubique
1046 1021 1209 1098 scripturae
1222 1020 1271 1079 in·

76 1118 79 1126 ¹
147 1132 313 1205 veniuntur,
328 1149 406 1209 qnae
419 1138 521 1208 aperte
534 1141 691 1209 corruptae
706 1133 811 1192 calami
824 1133 912 1192 modo
923 1133 1074 1191 erroribus
1088 1131 1269 1204 tribuendae,

148 1261 215 1301 cum
230 1242 343 1301 codices
357 1260 450 1316 aeque
462 1242 533 1301 boni
556 1259 659 1302 veram
677 1243 854 1320 scripturam
874 1242 954 1302 omui
972 1241 1205 1320 interpolationis
1223 1258 1273 1300 su·

148 1353 277 1430 spicione
287 1351 409 1411 liberam
421 1352 588 1411 exhibeant.
611 1351 678 1412 Iam
687 1353 766 1425 licet,
781 1361 815 1412 ut
828 1353 955 1426 redeam,
970 1353 1049 1412 unde
1058 1370 1184 1412 exorsus
1196 1369 1272 1428 sum,

149 1462 293 1522 librorum
317 1461 449 1539 priorum
473 1444 596 1538 triginta
620 1463 714 1522 oratio
738 1464 770 1522 in
795 1462 852 1524 hac
869 1464 996 1522 editione
1013 1463 1101 1540 longe
1120 1463 1159 1522 sit
1176 1462 1274 1521 minus

149 1573 304 1631 emendata
318 1589 408 1648 quam
424 1572 456 1630 in
468 1571 551 1631 libris
565 1589 620 1631 sex
633 1572 809 1647 novissimis,
824 1581 925 1632 tamen
937 1570 996 1633 illis
1010 1591 1127 1650 quoque
1141 1591 1201 1632 non
1214 1571 1274 1630 exi·

149 1699 210 1757 gua
234 1682 349 1741 utilitas
374 1682 467 1740 allato
491 1683 619 1755 videtur,
647 1682 717 1757 quia
735 1702 813 1744 nunc
833 1685 963 1755 demum,
978 1684 1049 1758 quid
1062 1684 1102 1743 ad
1114 1682 1274 1760 perlectam

149 1809 253 1850 eorum
268 1793 499 1852 emendationem
512 1793 704 1864 desideretur,
718 1792 904 1868 intelligitur.

193 1901 235 1958 Et
248 1901 322 1958 haec
334 1900 399 1976 ipsa
411 1919 460 1959 res
473 1921 522 1958 me
535 1903 683 1972 admonet,
698 1907 733 1959 ut
746 1901 890 1959 nonnulla
903 1901 1009 1958 addam
1023 1901 1062 1959 de
1076 1900 1200 1958 editione
1213 1897 1276 1957 Da·

150 2008 336 2086 leeampiana
351 2010 415 2068 sive
429 2009 551 2086 vulgata
567 2005 601 2090 β,
621 2011 669 2069 cui
688 2028 762 2086 quas
774 2016 873 2086 portes
892 2027 948 2084 ego
961 2009 1113 2068 tribuerim
1127 2017 1199 2085 puto
1213 2008 1278 2067 iore

152 2119 204 2194 qui
223 2118 377 2177 mirentur.
405 2117 525 2179 Scilicet
543 2120 594 2194 qui
613 2120 836 2179 commentarios
855 2124 972 2179 nostros
993 2119 1108 2179 criticos
1126 2108 1281 2196 inspicient

152 2230 254 2288 statim
267 2231 503 2288 animadvertent
526 2247 575 2288 me
588 2250 648 2289 non
662 2230 762 2307 paucis
775 2232 807 2290 in
820 2230 903 2303 locis,
917 2232 1025 2290 reiecta
1039 2231 1185 2307 scriptura
1197 2229 1278 2289 Har·

153 2337 443 2413 dumo-Broteriane,
458 2341 497 2398 ad
510 2339 769 2417 Dalecampianam
782 2342 914 2413 rediisse,
926 2360 1021 2417 neque
1034 2341 1073 2400 1bi
1086 2348 1212 2414 tautum,
1227 2341 1279 2400 ubi

153 2447 326 2508 Harduinus
340 2451 390 2509 vel
404 2469 475 2510 suas
490 2451 540 2510 vel
554 2451 681 2510 aliorum
695 2452 876 2510 coniecturas
896 2460 1005 2511 temere
1024 2453 1056 2510 in
1074 2452 1171 2528 ipsam
1189 2451 1280 2511 Plinii

153 2545 495 2637 drationemreceperat,
512 2579 619 2620 verum
634 2561 676 2620 rbi
692 2579 819 2637 quoqne,
830 2562 881 2620 nbi
892 2561 1040 2620 codicibus
1058 2562 1120 2620 suis
1139 2562 1216 2621 male
1227 2561 1279 2620 ob·

154 2676 379 2744 temperaverat,
390 2669 484 2742 nullo,
494 2677 529 2728 nt
537 2671 636 2748 palam
647 2670 714 2741 fuit,
727 2671 784 2728 alio
794 2679 969 2744 argumento
980 2677 1088 2742 motus,
1101 2689 1190 2745 quam
1200 2671 1280 2748 quod

156 2778 270 2838 codices
281 2780 362 2838 aliud
373 2779 453 2853 quid,
465 2799 554 2855 quam
564 2780 595 2837 in
605 2775 621 2860 β
632 2784 772 2849 exstaret,
785 2778 967 2836 exhiberent.
994 2779 1119 2838 Talibus
1129 2780 1159 2836 in
1169 2781 1280 2839 discre-

122 2893 125 2897 ’
155 2889 265 2966 pantiis
277 2883 541 2948 codicum'secundi
552 2897 582 2947 et
595 2888 673 2947 tertii
686 2887 794 2947 ordinis
810 2906 878 2947 cum
894 2888 1019 2948 editione
1037 2883 1054 2970 β
1067 2897 1170 2949 utnon
1184 2889 1281 2949 statim

155 2997 216 3057 illis
228 2998 408 3070 accederem,
420 2999 483 3071 sed,
495 2999 667 3058 lectionibus
678 3006 813 3059 accurate
824 2999 901 3059 inter
912 3017 944 3059 se
959 2999 1121 3077 pensitatis,
1132 3007 1201 3059 utra
1211 3000 1282 3060 scri-

157 3115 245 3183 ptura
256 3105 451 3185 praeferenda
459 3117 547 3182 esset,
556 3109 716 3168 secundum
727 3111 807 3187 leges
818 3109 888 3169 artis
900 3109 1015 3169 criticae
1021 3110 1230 3183 examinarem,
1237 3107 1282 3168 ie·

158 3217 199 3275 cit
206 3217 293 3290 illud,
306 3217 385 3293 quod
395 3216 625 3296 Dalecampiana
636 3215 654 3299 β
672 3219 840 3295 saepissime
855 3238 923 3278 cnm
939 3221 1003 3279 solo
1018 3220 1117 3280 codice
1132 3218 1160 3278 B
1175 3229 1206 3280 et
1214 3239 1282 3280 omn

158 3344 204 3398 eo,
216 3326 266 3402 qui
276 3329 410 3404 proxime
420 3328 458 3386 ab
469 3346 504 3386 eo
515 3329 608 3400 abest,
621 3328 684 3387 dico
696 3329 827 3387 codicem
833 3328 874 3401 A,
887 3330 1046 3405 conspirat,
1058 3349 1125 3391 cum
1136 3332 1224 3390 ceteri
1233 3349 1282 3391 co-

159 3435 237 3494 dices
247 3430 369 3517 (qnales
380 3444 450 3497 sunt
459 3431 601 3518 VRTd)
612 3438 650 3496 ab
661 3437 720 3496 illis
737 3437 867 3510 secundi,
886 3445 920 3495 ut
933 3438 1007 3497 nihil
1022 3441 1117 3499 dicam
1127 3441 1164 3500 de
1174 3441 1282 3500 codici-

159 3546 216 3604 bus
226 3548 303 3607 tertii
316 3549 364 3609 vel
375 3548 473 3624 quarti
489 3546 609 3620 ordinis,
632 3566 706 3623 quos
720 3547 828 3624 partim
843 3546 1001 3606 Harduino
1021 3550 1103 3626 sequi
1117 3549 1236 3628 placuit,
1251 3549 1282 3607 in

159 3657 258 3716 omnia
268 3657 328 3718 alia
338 3677 431 3734 eaque
440 3657 499 3716 illis
511 3657 657 3716 deteriora
666 3659 781 3717 abeant.
807 3657 884 3716 Hinc
895 3665 974 3717 certe
986 3660 1119 3733 sequitur
1129 3658 1283 3716 editionem

159 3765 251 3838 illam,
263 3787 339 3843 quae
348 3769 437 3826 toties
449 3768 513 3826 sela
524 3785 590 3826 cum
602 3768 733 3826 omnium
744 3768 860 3845 optimis
872 3769 1018 3828 codicibus
1027 3767 1108 3838 facit,
1124 3765 1189 3824 aliis
1199 3767 1229 3825 in
1239 3768 1283 3826 lo·

160 3875 213 3947 cis,
224 3877 277 3932 ubi
288 3875 339 3934 vel
348 3877 386 3934 ab
396 3876 442 3934 his
453 3876 526 3951 ipsis
537 3877 686 3936 codicibus
698 3877 827 3949 discedit,
839 3880 916 3937 hanc
925 3877 1021 3953 ipsam
1033 3867 1143 3934 obrem
1154 3894 1211 3936 non
1223 3885 1282 3938 sta·

160 3983 214 4040 tim
225 3999 291 4041 esse
304 3979 505 4058 spernendam,
517 3983 605 4042 immo
619 4003 682 4043 rem
697 4005 764 4045 cum
778 3986 890 4043 ratione
904 3985 1122 4060 disceptandam
1136 4005 1228 4066 eaque
1237 3989 1282 4050 iu·

144 4093 247 4151 .bente
261 4093 499 4150 membranarum
514 4093 563 4150 vel
577 4093 754 4168 optimarum
768 4093 971 4154 auctoritatem
989 4094 1107 4156 editioni
1124 4098 1283 4178 impressae

161 4201 403 4282 postponendam.
425 4199 497 4276 Quis
510 4201 591 4261 verbi
603 4219 701 4276 causa,
711 4211 748 4263 ut
758 4221 848 4263 unum
860 4212 938 4264 certe
947 4208 1114 4286 exemplum
1124 4211 1183 4271 iam
1194 4228 1284 4287 supra
