2888 4794
500 312 572 385 ure.
588 312 625 358 11.
654 310 732 357 cns.
749 309 810 356 vu.
841 310 939 357 secr.
955 312 973 355 s.
1046 302 1049 308 ’
1234 294 1294 357 107

106 476 115 489 ’
173 464 303 530 caelesti
330 486 429 550 passu
456 486 529 530 cum
557 462 666 528 liberis
696 462 762 527 suis
788 463 878 527 vadit
903 484 1074 527 maxumus
1100 463 1203 528 omnis
1225 461 1297 526 aevi

171 578 279 633 rector
300 565 521 652 Vespasianus
543 564 715 651 Augustus
742 563 837 628 fessis
861 564 965 629 rebus
992 564 1195 630 subveniens.
1231 561 1297 628 Hic
1341 636 1350 651 .

172 678 223 732 est
242 668 481 733 vetustissimus
503 665 664 731 relerendi
686 664 769 730 bene
790 665 987 731 merentibus
1004 666 1140 754 gratiam
1153 685 1237 742 mos,
1259 674 1298 730 ut

173 769 245 833 talis
266 768 451 833 numinibus
473 767 665 833 adscribant.
703 764 833 852 Quippe
856 778 889 832 et
910 767 1045 832 aliorum
1065 766 1194 832 nomina
1217 765 1296 830 deo·
1311 784 1342 829 ru

171 892 243 934 rum
273 880 306 934 et
334 892 417 955 quae
446 892 545 955 supra
572 870 668 934 retuli
695 868 836 933 siderum
863 893 904 934 ex
930 868 1095 934 homiuum
1119 879 1196 932 nata
1222 878 1297 932 sunt

171 971 304 1036 meritis.
337 971 448 1036 Iovem
468 971 598 1055 quidem
617 980 674 1035 aut
686 970 886 1036 Mercurium
908 971 1040 1038 aliterve
1062 969 1141 1035 alios
1162 968 1246 1033 inter
1261 991 1296 1034 se

171 1074 281 1139 vocari
303 1083 336 1137 et
357 1094 429 1138 esse
451 1074 622 1140 caelestem
644 1073 932 1151 nomenclaturam,
959 1072 1116 1156 quianon
1136 1071 1295 1156 interpre-

172 1174 293 1240 tatione
320 1185 454 1240 naturae
481 1174 621 1238 fateatur
646 1174 873 1239 inridendum?
913 1173 1026 1261 Agere
1053 1195 1162 1239 curam
1188 1193 1296 1239 rerum

170 1275 382 1342 humanarum
402 1276 482 1343 illud
504 1276 663 1360 quidquid
685 1286 735 1341 est
756 1297 926 1354 summum,
949 1297 1032 1340 anne
1054 1285 1120 1340 tam
1141 1273 1222 1338 tristi
1244 1282 1294 1336 at

171 1398 236 1461 que
255 1378 426 1464 multiplici
447 1377 623 1443 ministerio
650 1377 835 1463 nonpollui
858 1378 1026 1443 credamus
1047 1374 1295 1442 dubitemusne?

171 1476 238 1544 Vix
258 1499 359 1564 prope
381 1489 432 1544 est
452 1478 617 1557 iudicare,
646 1489 756 1544 utrum
782 1481 886 1568 magis
914 1479 1075 1546 conducat
1100 1476 1212 1566 generi
1231 1475 1293 1541 hu·
1308 1494 1341 1538 so

171 1600 287 1659 mano,
319 1581 447 1663 quando
468 1581 538 1647 aliie
560 1582 666 1646 nullus
688 1591 740 1646 est
761 1581 895 1647 deorum
916 1591 1103 1667 respectus,
1133 1578 1204 1644 aliis
1230 1599 1293 1663 pu-

171 1681 308 1746 dendus.
345 1680 501 1748 Externis
523 1683 718 1748 famulantur
739 1682 839 1748 sacris
860 1705 899 1749 ac
921 1682 1033 1770 digitis
1055 1681 1133 1745 deos
1153 1687 1293 1766 gestant,

170 1787 314 1848 monstra
334 1804 463 1868 quoque
486 1784 605 1863 colunt,
629 1785 781 1848 damnant
795 1794 829 1849 et
843 1785 1030 1872 excogitant
1044 1781 1148 1858 cibos,
1170 1778 1294 1865 inperia
1351 1826 1355 1833 ,

171 1884 244 1951 dira
261 1885 296 1950 in
317 1886 406 1971 ipsos
427 1908 468 1950 ne
491 1907 602 1950 somno
623 1886 753 1969 quidem
775 1886 884 1970 quieto
905 1886 1064 1971 inrogant
1093 1879 1167 1946 Non
1180 1880 1337 1977 matri-‘ar

171 2127 310 2200 Oubgssr.
333 2135 508 2195 dnouement,
524 2135 554 2185 P.
577 2134 671 2199 Scripsi
687 2135 781 2196 locum,
800 2133 881 2198 qualis
897 2135 924 2184 in
941 2136 1014 2184 codd.
1027 2141 1117 2191 exstat,
1138 2145 1293 2197 quamquam

170 2203 310 2266 particulae
320 2219 384 2254 enne
396 2211 422 2254 st
431 2219 463 2254 ne
472 2201 603 2268 vsl(quod
612 2217 716 2268 prorsus
726 2204 816 2267 nequit
826 2200 941 2264 tolerari)
950 2217 979 2252 ue
987 2203 1015 2252 in
1026 2200 1133 2265 apodosi
1141 2200 1293 2250 coniunctae

170 2286 229 2321 eum
249 2280 395 2335 corruptum
415 2287 470 2322 esse
489 2274 621 2336 perspicue
639 2274 740 2323 docent
765 2272 920 2323 Dubituutes
938 2286 999 2321 vero
1020 2270 1117 2334 opponi
1134 2269 1293 2319 credentibus

170 2338 255 2402 palam
266 2341 296 2388 fit
307 2353 341 2388 ex
351 2338 432 2390 verbis
444 2342 612 2403 sequentihus,
623 2341 683 2391 aliis
699 2338 779 2391 nullum
793 2380 824 2389 -
837 2336 898 2390 aliis
916 2334 1053 2404 pudendus,
1073 2337 1117 2387 ubi
1128 2337 1225 2401 priores
1247 2335 1294 2385 atii

170 2406 314 2468 significant
330 2404 475 2469 dubitantes,
492 2409 645 2470 posteriores
661 2410 775 2460 indicant
795 2405 927 2460 credentes·
953 2409 988 2458 Et
1007 2407 1122 2459 Plinium
1142 2406 1246 2469 quidem
1259 2405 1292 2454 sd

153 2474 354 2527 -dubitationem
373 2477 455 2538 magis
476 2491 586 2539 pronum
606 2492 660 2527 esse
680 2484 785 2542 apparet
797 2493 831 2526 ex
848 2477 978 2526 simillimo
998 2476 1058 2525 loeo
1071 2473 1086 2534 §
1099 2480 1150 2535 26,
1162 2475 1230 2523 unde
1241 2473 1292 2522 iam

115 2548 122 2560 “
170 2541 315 2601 certissime,
339 2543 389 2613 nisi
409 2542 493 2604 fallor,
514 2544 597 2593 elucet
615 2547 720 2595 verbum
742 2545 906 2594 dubitemusne
924 2545 1104 2594 collocandum
1121 2557 1176 2592 esse
1188 2555 1256 2604 pone
1267 2556 1291 2591 v.

170 2623 285 2659 summum
297 2618 322 2659 et
333 2610 449 2660 homines
461 2611 488 2659 in
500 2612 562 2661 duas
575 2612 681 2660 omnino
694 2612 788 2661 classes
800 2612 1038 2675 discerui,‘alteram
1050 2624 1146 2669 eorum,
1159 2610 1203 2671 qui
1219 2608 1291 2657 dubi-

169 2683 225 2726 tant
241 2692 369 2728 summum
383 2693 478 2728 numen
495 2692 582 2728 curam
598 2694 682 2728 rernm
697 2680 868 2728 humanarum
883 2693 959 2739 agere
975 2686 1001 2726 et
1016 2678 1117 2726 nullum
1134 2678 1240 2724 deorum
1251 2690 1291 2725 re-

169 2751 283 2806 spectum
295 2744 397 2810 hahent,
410 2747 515 2796 alteram
527 2761 623 2805 eorum,
635 2747 679 2810 qui
691 2747 797 2795 credunt
808 2745 910 2808 quidem
921 2758 1004 2807 agere,
1016 2747 1060 2792 sed
1071 2743 1157 2804 inepte
1174 2743 1291 2802 credunt,

169 2812 230 2874 quis
251 2814 299 2874 iis,
330 2814 351 2863 si
375 2817 495 2874 credunt,
520 2815 595 2864 simul
619 2815 696 2863 etiam
719 2814 871 2863 credendum
895 2819 933 2862 est
956 2825 1084 2861 summum
1118 2823 1213 2858 numen
1246 2823 1292 2872 per

168 2878 246 2929 illam*
256 2895 343 2931 curam
359 2896 412 2931 non
428 2882 512 2946 pollui
526 2889 579 2931 tam
595 2882 661 2930 tristi
678 2889 755 2945 atque
770 2880 905 2944 multiplici
920 2875 1107 2940 ministerioli.
1127 2891 1148 2926 e.
1171 2877 1291 2926 ministris

169 2946 228 2995 coll.
258 2951 291 2998 ad
319 2954 360 3010 st,
394 2946 472 3009 ltu),
503 2963 657 3012 quamquam
677 2950 723 2998 illo
744 2963 789 2999 sos
806 2949 888 3012 pollui
908 2962 985 2998 nemo
1006 2946 1116 3009 negabit.
1129 2945 1210 3010 ,Mira
1231 2958 1291 2992 vero

168 3015 281 3064 nucetio
297 3017 368 3066 vocis
379 3014 544 3066 dubitemusne
556 3017 617 3066 hinc
628 3018 750 3080 explicari
765 3018 864 3067 videtur
878 3031 967 3081 posse,
986 3017 1055 3079 qnod
1066 3013 1183 3063 librarius
1196 3011 1291 3061 codicis

168 3083 299 3147 archetypi
307 3091 412 3147 propter
419 3084 647 3145 homoeoteleuton
654 3086 724 3136 vocis
733 3086 860 3149 sequentis
869 3099 935 3135 enne
946 3087 979 3135 ad
990 3084 1058 3134 hanc
1068 3096 1208 3147 properans
1219 3079 1291 3129 illam

169 3149 254 3200 omisit
270 3158 295 3199 et
306 3159 397 3213 postea
407 3151 516 3215 margini
527 3153 667 3216 adscripsit,
679 3155 746 3202 unde
765 3168 810 3216 per
825 3154 957 3203 librarium
973 3150 1117 3216 apographi
1134 3149 1205 3198 sslinc
1221 3155 1291 3198 tran·

168 3217 254 3280 scripti
265 3225 310 3267 ant
321 3232 366 3282 per
382 3235 469 3270 casum
485 3227 530 3270 sut
546 3234 592 3284 per
608 3220 772 3270 subtilitatem
782 3216 916 3284 ‘quendam
932 3220 1027 3284 ingenii
1042 3218 1101 3267 voci
1112 3213 1242 3268 cedemus
1252 3223 1291 3265 est

167 3285 287 3346 subiecta,
299 3295 389 3349 utpote
401 3288 442 3337 eui
453 3289 566 3338 maxime
585 3288 711 3336 rideretur
731 3302 851 3351 congrua.
885 3287 973 3338 Verum
993 3301 1067 3354 apere
1084 3302 1170 3336 curum
1182 3326 1213 3334 -
1226 3301 1290 3335 suns-

167 3368 230 3401 nrum
242 3368 285 3402 nec
297 3361 347 3402 tum
359 3355 426 3404 tristi
437 3395 469 3404 ..
481 3357 569 3405 minut.
579 3353 660 3419 pollui
669 3354 826 3406 credutnusne
838 3371 872 3405 an
888 3353 1042 3416 dubitenust,
1059 3352 1204 3404 Heumann
1221 3354 1289 3417 apud

167 3418 271 3470 Gesner.
288 3421 351 3470 Alia
361 3423 417 3471 vult
427 3423 482 3471 Ian.
495 3423 522 3470 in
533 3423 614 3471 diurn.
627 3423 706 3484 antiq.
721 3428 795 3472 1840.
806 3439 844 3472 nr.
859 3428 898 3474 58.
910 3438 935 3487 p.
948 3428 1006 3472 461.

200 3485 269 3546 520.
289 3485 347 3549 tea,
358 3488 466 3552 Pabdg
470 3503 495 3553 p.
513 3486 555 3538 Ne
567 3488 620 3551 oia,
634 3484 663 3552 θ,
676 3505 740 3553 quae
752 3491 883 3554 scriptura,
900 3490 949 3541 nisi
960 3488 1037 3538 errori
1049 3489 1165 3549 solemni,
1178 3487 1289 3550 syllabas

167 3554 268 3602 easdem
278 3554 366 3618 repeti,
378 3556 490 3618 debetur,
500 3557 606 3608 fortasse
617 3558 654 3607 ita
665 3565 704 3608 est
714 3556 908 3622 interpretanda,
921 3558 1021 3608 ntPlin.
1035 3556 1163 3620 stripsisse
1174 3554 1288 3605 dicamus

166 3618 240 3671 Nunc
249 3628 333 3672 ortum
343 3620 431 3686 exaeNc,
442 3640 507 3688 quae
519 3624 650 3691 particula,
663 3627 684 3676 si
696 3640 726 3676 eo
739 3626 881 3689 significatu
890 3641 965 3690 saepe
977 3626 1052 3675 obvio
1064 3625 1179 3685 sumitur,
1192 3624 1224 3671 de
1236 3636 1287 3684 quo

166 3690 218 3754 agit
233 3676 317 3741 iland.
330 3692 439 3744 Tursell.
457 3699 482 3746 4.
499 3702 524 3758 p.
542 3700 600 3745 340.
614 3702 640 3745 et
651 3694 771 3758 Wagner.
788 3696 821 3744 ad
832 3695 909 3758 Verg.
925 3695 981 3746 Ecl.
1000 3699 1040 3755 10,
1058 3699 1109 3754 44,
1122 3692 1218 3755 optime
1235 3690 1288 3740 hnc

166 3761 279 3821 quadrat.
304 3798 329 3806 -
351 3770 386 3811 est
396 3776 443 3825 pro
456 3761 511 3813 licet
522 3777 580 3812 cum
592 3763 715 3812 infinitivo
726 3762 831 3825 iungere
841 3763 927 3813 Plinio
944 3761 1150 3822 usitatissimum,
1160 3759 1212 3807 vid.
1226 3760 1249 3818 7,
1264 3764 1286 3808 l.

166 3831 189 3887 8,
207 3828 248 3877 87.
267 3832 323 3877 135.
341 3833 364 3889 9,
379 3835 401 3878 5.
414 3834 454 3880 93.
472 3835 512 3880 97.
531 3835 571 3880 99.
589 3837 628 3891 11,
643 3835 683 3882 67.
703 3836 759 3881 151.
778 3836 818 3891 14,
837 3837 875 3882 68.
896 3837 934 3892 16,
949 3836 988 3882 64.
1004 3833 1043 3888 17,
1058 3834 1097 3878 16.
1116 3832 1155 3875 51.
1170 3830 1210 3886 19,
1229 3829 1285 3876 171.

166 3899 206 3955 20,
220 3899 260 3944 95.
273 3901 331 3945 203.
345 3901 385 3957 22,
400 3901 438 3946 16.
451 3904 492 3947 30.
502 3903 543 3958 23,
557 3902 597 3949 72.
612 3903 668 3947 112.
681 3904 722 3959 29,
736 3902 775 3948 72.
789 3904 830 3960 30,
845 3902 900 3949 137.
913 3904 954 3959 34,
969 3901 1025 3947 132.
1051 3894 1230 3944 Dubitemusve
1243 3893 1286 3943 uix

161 3963 280 4026 propensi
293 3960 413 4025 iudicare,
430 3964 484 4014 Ian.
497 3965 524 4015 in
540 3966 620 4014 diurn.
634 3952 712 4029 aritiq.
727 3971 909 4029 lantpero.
925 4005 946 4013 -
964 3960 1094 4028 pudendis,
1106 3975 1130 4011 σ.
1145 4001 1173 4009 -
1188 3969 1211 4010 et
1221 3977 1285 4025 mon-

140 4041 154 4063 *
164 4038 225 4091 stra,
238 4025 287 4095 pss.
306 4071 330 4079 -
352 4047 450 4096 quoque,
463 4032 499 4082 dl
518 4049 609 4096 quoque
621 4049 691 4098 quae,
699 4034 853 4098 Psbd²gr,
871 4034 939 4096 qnod
951 4031 1010 4082 ferri
1022 4039 1115 4096 posset,
1128 4031 1148 4081 si
1160 4026 1286 4094 legeretui·

165 4105 274 4148 monstra
286 4114 378 4162 quoque
391 4115 456 4163 quae
469 4097 588 4150 damnant
599 4102 685 4162 colunt,
702 4103 763 4165 qnia
773 4108 888 4165 monstra
898 4101 926 4150 in
941 4101 1086 4150 universum
1103 4113 1155 4149 non
1167 4099 1284 4149 coleban-

164 4172 212 4228 tur,
230 4168 275 4217 sed
286 4168 478 4229 damnabantur,
494 4169 546 4219 hoc
563 4176 648 4220 entem
663 4170 722 4219 loco
733 4170 800 4220 Plin.
812 4183 916 4234 prorsus
932 4169 1084 4219 contrariam
1095 4169 1218 4219 rationem
1235 4168 1283 4217 ho-

164 4234 245 4286 mines
255 4236 327 4300 sequi
338 4236 490 4300 indignetur.
512 4277 539 4286 -
560 4236 697 4305 exceptant
708 4235 799 4302 obbas,
811 4254 831 4287 r.
851 4278 882 4287 ..
901 4236 989 4302 quiete,
999 4236 1029 4287 P.
1049 4277 1080 4289 ..
1100 4237 1219 4304 irrepunt,
1232 4228 1260 4283 θ.
