2888 4794
462 316 532 364 urs.
549 317 597 364 vr.
627 315 704 363 oar.
720 315 796 364 xm.
827 304 924 363 suar.
941 317 971 360 15.
1207 297 1270 362 415

151 483 183 537 et
206 470 414 536 Sauromatae
436 471 545 535 multis
566 469 763 547 nominibus,
791 470 878 534 illinc
899 468 1032 534 Abzoae
1054 491 1118 535 non
1138 469 1270 555 paucio-

148 572 247 638 ribus.
281 571 337 636 Ab
363 572 496 637 introitu
523 571 637 636 dextra
661 592 845 636 mucronem
871 570 979 656 ipsum
1000 570 1141 637 faucium
1162 579 1273 635 tenent

148 674 252 739 Udini
268 671 465 760 Scytharum
478 675 628 760 populus.
654 672 741 738 Dein
762 695 821 760 per
842 695 929 738 oram
943 672 1074 752 Albani,
1096 681 1134 736 ut
1152 672 1272 750 ferunt,

149 776 190 841 ab
205 775 320 840 Iasone
336 775 425 855 creti,
449 786 524 841 ante
541 797 621 860 quos
636 797 724 839 mare
738 775 826 859 quod
840 783 889 839 est
902 774 1067 840 Albanum
1081 774 1271 840 nominatur.

150 876 245 944 Haec
270 899 352 966 gens
375 878 546 963 superfusa
566 876 726 942 montibus
749 873 915 942 Caucasiis
937 877 979 941 ad
1002 874 1126 962 Cyrum
1147 896 1274 942 amnem
1286 892 1318 937 as

150 980 327 1045 Armeniae
349 979 520 1044 confinium
542 989 638 1065 atque
658 978 784 1045 Iberiae
806 978 988 1057 descendit,
1010 988 1048 1043 ut
1070 979 1191 1044 dictum
1213 987 1272 1044 est.

151 1077 259 1167 Supra
284 1079 442 1146 maritima
469 1081 537 1146 eius
559 1080 806 1165 Udinorumque
827 1089 958 1169 gentem
981 1077 1165 1158 Sarmatae,
1196 1078 1274 1144 Uti-

151 1182 246 1260 dorsi,
269 1180 425 1248 Aroteres
438 1182 703 1269 praetenduntur,
726 1204 861 1267 quorum
881 1205 901 1247 a
921 1191 1012 1269 tergo
1031 1181 1191 1247 indicatae
1210 1181 1275 1245 iam

150 1284 335 1350 Amazones
358 1281 608 1350 Sauromatidas.
641 1280 792 1349 Flumina
817 1306 876 1371 per
899 1282 1073 1348 Albaniam
1099 1283 1275 1349 decurrunt

150 1386 184 1450 in
211 1406 301 1450 mare
332 1383 450 1452 Casius
479 1397 512 1454 et
539 1385 706 1465 Albanus,
737 1386 813 1451 dein
841 1382 1019 1470 Cambyses
1047 1385 1082 1449 in
1109 1381 1276 1451 Caucasiis

151 1497 241 1553 ortus
261 1488 434 1567 montibus,
456 1511 532 1555 mox
552 1486 661 1573 Cyrus
682 1489 717 1553 in
736 1485 914 1565 Coraxicis,
937 1497 974 1551 ut
995 1487 1145 1552 diximus.
1174 1484 1276 1552 Oram

151 1612 277 1657 omnem
310 1613 330 1655 a
363 1587 461 1656 Casio
493 1589 646 1675 praealtis
678 1589 814 1674 rupibus
846 1589 1043 1653 inaccessam
1073 1598 1184 1673 patere
1216 1611 1276 1674 per

150 1713 297 1757 ccccxxv
318 1713 343 1753 u
363 1712 396 1774 p.
424 1699 535 1754 auctor
561 1699 611 1753 est
636 1687 797 1776 Agrippa.
834 1688 868 1752 A
895 1685 983 1772 Cyro
1007 1686 1162 1775 Caspium
1187 1712 1276 1756 mare

152 1791 260 1857 vocari
280 1790 413 1875 incipit3
436 1789 587 1854 adcoluut
609 1786 729 1876 Caspii.
761 1786 979 1875 Corrigendus
1002 1790 1105 1855 estin
1125 1790 1185 1856 hoc
1205 1790 1321 1857 locoso

152 1914 239 1958 error
266 1891 456 1970 multorum,
487 1890 583 1955 etiam
610 1890 666 1975 qui
693 1891 728 1955 in
754 1888 910 1956 Armenia
938 1914 991 1956 res
1019 1913 1175 1978 proxume
1202 1914 1276 1958 cum

153 1990 337 2058 Corbulone
363 2014 504 2080 gessere.
540 1989 686 2076 Namque
712 1991 746 2055 hi
773 1988 910 2079 Caspias
938 1995 1139 2079 appellavere
1165 2004 1280 2080 portas·

151 2094 277 2161 Iberiae
301 2115 380 2178 quas
404 2091 578 2159 Caucasias
600 2093 740 2158 diximus
767 2093 892 2173 vocari,
921 2095 1065 2178 situsque
1095 2096 1215 2182 depicti
1244 2106 1277 2164 et

151 2197 228 2262 inde
254 2196 345 2261 missi
369 2197 431 2262 hoo
452 2182 571 2261 nomen*
587 2194 778 2281 inscriptum
797 2195 927 2262 habent.
960 2196 1006 2261 Et
1025 2196 1163 2264 Neronis
1183 2200 1275 2284 prin-

153 2298 235 2385 cipis
258 2297 449 2364 conminutio
471 2296 513 2362 ad
535 2294 672 2383 Caspias
698 2307 808 2384 portas
835 2299 967 2364 tendere
993 2300 1173 2381 dicebatur,
1202 2325 1281 2368 cum-

152 2408 279 2486 peteret
298 2400 370 2466 illas
393 2421 475 2484 quae
496 2421 555 2486 per
569 2397 707 2464 Iberiam
728 2397 763 2463 in
779 2395 944 2466 Sarmatas
966 2402 1113 2480 tendunt,
1135 2404 1191 2469 vix
1211 2405 1276 2473 ull'o

153 2512 285 2589 propter
306 2502 469 2591 oppositos
489 2500 607 2566 montis
629 2501 720 2565 aditu
741 2500 784 2564 ad
807 2498 962 2588 Caspium
982 2526 1081 2568 mare.
1110 2501 1196 2570 Sunt
1216 2530 1275 2572 au-

153 2671 183 2736 β,
202 2715 232 2724 ,.
253 2673 409 2736 loapitudina
427 2674 451 2721 d.
470 2711 501 2720 ..
520 2680 600 2732 atque,
617 2670 697 2720 TPd.
724 2670 814 2734 adque,
830 2673 862 2722 R.
890 2681 926 2734 at,
941 2669 991 2737 βγ.
1011 2714 1042 2722 ..
1057 2675 1154 2738 pandit,
1170 2681 1223 2729 Rd.
1243 2689 1275 2732 .’.

154 2742 271 2804 obliquat,
281 2741 312 2790 P.
326 2779 357 2788 ..
376 2737 518 2799 Maeotium,
529 2738 637 2787 RTPd.
657 2734 774 2798 Maeotin,
785 2728 815 2797 β.
828 2779 860 2786 ..
879 2737 1035 2802 descendens,
1047 2741 1179 2795 RSTPd.
1198 2747 1275 2799 duce.

154 2810 221 2870 dens,
232 2803 267 2870 β.
280 2848 312 2856 ..
329 2804 507 2868 είοίῐίε,Β8ᾰ.
529 2803 613 2865 silicis,
625 2804 682 2854 ΤΡ.
705 2802 815 2868 Scythici
825 2821 909 2868 arcus,
921 2801 950 2868 β.
974 2807 1080 2872 sicilicis,
1090 2813 1157 2861 Pint.
1177 2853 1208 2863 ..
1226 2814 1277 2878 M,

154 2877 215 2927 BP.
234 2874 323 2925 Omitt.
335 2874 387 2923 Td.
405 2915 437 2924 ..
452 2889 507 2938 per,
520 2873 601 2922 omitt
613 2872 665 2921 Rd.
679 2912 710 2920 -
729 2873 894 2936 somniantum,
906 2877 936 2925 P.
950 2915 981 2924 ..
999 2874 1088 2939 Abzoa,
1101 2880 1124 2928 d.
1142 2880 1217 2941 Anae,
1228 2884 1274 2933 R¹.

153 2941 230 3003 Aozo,
241 2942 286 2991 Ra
303 2940 393 3002 Abeee,
403 2942 434 2992 P.
452 2982 483 2990 -
503 2939 631 2990 tenentium
644 2937 707 3002 dein,
720 2942 744 2990 d.
762 2941 888 2991 tenentium
900 2941 976 3005 decia
987 2945 1017 2994 P.
1031 2985 1063 2995 ..
1080 2945 1185 3011 Deinde,
1198 2951 1227 3000 P.
1242 2991 1274 3001 -

154 3011 222 3072 creti,
232 3011 279 3060 Pr.
297 3011 363 3072 certi,
376 3011 399 3059 d.
424 3007 493 3070 circi,
510 3009 571 3058 ΒΤ.
594 3007 651 3070 orti,
663 3002 713 3072 βγ.
733 3049 764 3058 ..
783 3007 854 3072 quod,
866 3010 948 3066 RPd.
968 3053 1000 3061 -
1018 3023 1139 3077 moreest,
1151 3018 1188 3067 d¹.
1207 3034 1275 3069 mare

155 3079 244 3139 abacos,
255 3079 300 3128 R¹.
320 3077 397 3138 abest,
408 3076 513 3126 3²1³<st
530 3077 656 3140 Equidem
666 3077 779 3127 Plinium
792 3079 919 3142 scripsisse
931 3081 1049 3135 arbitror:
1068 3091 1124 3133 anre
1136 3101 1197 3148 quos
1210 3086 1276 3151 quod

153 3162 221 3196 mare
233 3154 274 3206 eat,
285 3144 318 3196 A.
333 3162 356 3195 n.
375 3145 526 3209 corruptela
537 3152 603 3194 certe
615 3146 694 3195 latere
705 3146 809 3195 videtur.
829 3186 861 3196 ..
879 3146 1009 3213 Aliorum,
1021 3150 1052 3200 R.

189 3213 204 3273 ξ
217 3220 257 3264 39.
279 3210 422 3274 Caucaseis,
434 3209 490 3275 Ρβ.
510 3255 541 3262 -
561 3211 650 3264 dictam
667 3223 704 3263 est
719 3217 733 3277 §
746 3220 786 3264 29.
799 3252 831 3264 ..
850 3225 894 3278 cat,
907 3233 957 3266 om.
969 3219 999 3268 P.
1013 3259 1044 3268 ..
1063 3217 1155 3284 Supra,
1167 3215 1273 3274 Rene.

154 3280 244 3346 Super,
255 3276 312 3343 Pss.
332 3323 362 3332 ..
381 3282 405 3331 in
417 3281 581 3346 dirorumque,
592 3282 623 3332 Ρ.
643 3322 671 3331 ..
690 3280 818 3343 Armatae,
830 3283 883 3333 Rd.
901 3286 928 3334 in
940 3288 1076 3345 armathem,
1087 3289 1117 3337 P.
1134 3331 1166 3338 -
1184 3290 1272 3355 Dorri,

79 3357 81 3361 ’
153 3350 183 3398 P.
202 3389 234 3398 -
252 3348 403 3408 iudicarim
421 3356 460 3400 35.
480 3391 512 3398 ..
529 3350 671 3409 Amazones,
683 3350 787 3398 Barbar.
804 3347 939 3400 Amazones
956 3354 1108 3412 eaRTPu
1128 3397 1159 3404 ..
1179 3356 1273 3421 Casius,

152 3417 201 3466 vid.
213 3419 274 3467 Mel.
286 3419 335 3468 111.
349 3423 371 3476 5,
384 3424 407 3464 4.
429 3415 520 3474 Casus,
531 3416 611 3465 RPd.
625 3455 656 3462 -
673 3413 804 3476 Albanas,
816 3418 847 3466 R.
861 3457 893 3464 -
911 3415 976 3478 dein,
988 3418 1097 3470 RTPd.
1117 3421 1211 3485 deinde,
1223 3421 1273 3489 βγ.
1362 3417 1365 3430 ’

153 3523 186 3531 ..
206 3482 346 3542 Coraxicis,
363 3483 467 3531 Barbar.
492 3479 642 3541 Charaxicis,
659 3482 692 3530 R.
719 3478 912 3545 corasician.
931 3524 963 3532 .-
981 3487 1025 3547 uti,
1041 3486 1100 3538 ΒΤ.
1119 3527 1151 3538 -
1170 3490 1274 3545 diximus

154 3548 168 3607 ξ
182 3555 222 3598 26.
236 3589 267 3597 ..
283 3549 364 3609 Casio,
376 3548 443 3598 Pint.
465 3547 538 3610 Casu,
550 3547 607 3597 ΒΡ.
629 3546 700 3610 Coeo,
713 3548 739 3599 S.
757 3548 834 3612 Raso,
847 3550 913 3602 Td‘2.
932 3567 1001 3614 rasa,
1014 3555 1059 3616 et·
1072 3553 1191 3619 Caucaso,
1200 3553 1230 3619 β.
1240 3600 1272 3610 -

150 3614 282 3678 praelatis,
293 3617 318 3666 d.
336 3657 368 3665 -
386 3615 544 3674 inaccessam,
556 3615 582 3666 S.
606 3631 734 3678 accessam,
746 3617 777 3667 R.
800 3633 932 3682 accessam,
945 3619 998 3671 Td.
1017 3638 1149 3686 accensum,
1159 3626 1189 3674 P.
1206 3627 1273 3677 inar-

154 3679 267 3760 cessass.
286 3699 439 3801 -Pyarqra
455 3684 510 3734 Ru.
532 3683 644 3748 gorgiae,
661 3687 691 3736 P.
711 3725 742 3735 -
756 3701 811 3751 per,
831 3687 885 3738 Rd.
904 3705 953 3752 per
962 3706 996 3754 p,
1016 3690 1045 3741 P.
1064 3691 1152 3742 Omitt.
1169 3687 1220 3758 βγ.
1240 3735 1272 3745 .-

152 3765 243 3811 vocure,
255 3766 305 3801 orn.
341 3787 347 3800 .

187 3815 201 3875 ἓ
215 3824 254 3867 40.
273 3819 298 3867 in
310 3817 362 3880 doc,
374 3818 404 3868 P.
422 3819 454 3881 ia,
465 3820 547 3870 RTd.
561 3859 592 3868 ..
611 3835 687 3883 error,
699 3821 752 3872 Rd.
769 3822 841 3872 Pone
854 3830 891 3874 est
902 3825 1032 3875 collocant
1043 3821 1120 3891 Ρβγ.
1139 3869 1171 3877 ..
1189 3829 1271 3880 inulto.

153 3901 212 3944 rum,
229 3885 318 3936 RTP.
342 3885 468 3936 multorum
484 3903 573 3946 eorum,
593 3878 664 3952 θᾱγ.
688 3890 812 3941 molliorum
825 3899 947 3954 eteorum,
962 3887 992 3953 β.
1011 3934 1043 3942 ..
1061 3891 1136 3956 Nam,
1148 3896 1178 3945 P.
1198 3937 1229 3946 ..
1247 3899 1274 3950 lu'

155 3947 274 4016 Caspias,
290 3954 320 4003 P.
335 3951 377 4001 ui
394 3950 542 4018 Caepasius,
557 3955 590 4004 R.
617 3954 637 4003 ii
653 3952 769 4022 Caspias,
786 3959 818 4007 T.
841 3957 1010 4023 iccappasias,
1026 3965 1051 4011 d.
1070 4003 1101 4010 -
1117 3972 1211 4027 portua,
1228 3966 1271 4016 hic

152 4034 237 4069 rursus
252 4021 341 4085 incipit
355 4020 389 4069 A.
408 4060 439 4069 ..
458 4018 564 4071 diximus
576 4023 591 4086 ς
603 4027 644 4073 30.
659 4065 690 4072 -
709 4024 859 4088 incomptum,
870 4027 955 4078 APd.
973 4028 1097 4092 sciptum,
1108 4031 1140 4080 R.
1154 4073 1185 4081 ..
1215 4048 1270 4084 ree-

60 4116 64 4129 .
153 4085 242 4149 terirat,
259 4089 289 4139 P.
308 4129 340 4136 -
362 4087 461 4149 itl0‚1t.
483 4130 515 4139 -
540 4089 668 4155 oppositos,
683 4091 825 4143 RASTP.
852 4094 982 4160 appositos,
999 4092 1086 4162 drssr.
1114 4099 1171 4151 Om.
1190 4049 1218 4151 d.
1237 4143 1269 4152 ..

152 4153 225 4204 aditu.
243 4155 287 4204 Ad
295 4152 413 4218 Caspium
423 4172 490 4206 mars
501 4165 554 4208 strui
566 4157 639 4220 aliae,
647 4153 676 4220 β.
694 4159 834 4223 Vulgatam
844 4162 1072 4227 interpunctionem
1084 4175 1110 4218 et
1120 4170 1270 4235 scripturam

150 4228 252 4273 tuentur
262 4223 415 4276 RATPdr.
