2888 4794
174 301 277 343 Lxxw
638 298 828 341 Paterculo.

173 453 358 530 graviormua
382 452 505 511 lectores
526 469 626 512 omues
645 453 777 511 omnium
797 452 931 511 codicum
950 451 1110 527 scripturae
1136 451 1300 531 adscriptae

174 548 351 634 invenerant,
366 563 404 620 ee
414 563 471 620 fica
480 580 547 621 mea
559 562 791 622 materialem
805 563 895 638 longe
909 562 1044 639 pluribus
1058 563 1202 639 praestita
1214 563 1307 623 auct:

173 681 239 732 tare
259 673 368 742 nolint3
383 690 422 730 ex
436 671 553 731 silentio
567 690 633 731 mco
647 672 684 731 de
698 673 848 732 codicibus
862 672 946 731 initio
957 672 1144 747 singulorum
1154 672 1300 732 librorum

174 781 328 843 nominatis
344 789 423 842 certo
437 782 534 860 colligi
548 789 659 860 potest,
678 782 793 842 codieea
806 783 837 841 in
851 780 975 859 singulis
989 782 1226 842 adnotatiombue
1240 801 1301 842 non

173 893 338 952 nominatos
356 893 518 970 scripturae
538 911 558 950 a
577 910 624 950 me
642 901 777 969 receptae
796 892 969 951 consentire.
990 889 1050 964 Qui
1061 892 1154 967 igitur
1167 893 1300 970 ambigit,

174 1003 294 1079 quinam
314 1002 427 1061 codices
446 1020 505 1061 non
522 1003 665 1062 nominati
683 1003 815 1078 aliquam
829 1001 982 1061 lectionem
996 1000 1135 1074 habeant,
1154 1002 1181 1060 ie
1195 1002 1235 1061 ad
1247 1003 1301 1062 ini·

173 1113 248 1173 tium
259 1111 444 1188 singulorum
457 1112 601 1171 librorum
614 1113 716 1172 redeat
730 1121 761 1172 et
773 1129 848 1188 quoa
866 1111 908 1170 ibi
921 1117 1000 1170 totoa
1014 1129 1154 1170 ucuaaca
1170 1107 1249 1189 (eive
1262 1112 1302 1171 ad

174 1230 270 1282 totum
283 1221 392 1279 librum
403 1223 465 1281 aive
475 1223 514 1280 ad
524 1221 654 1299 aliquam
670 1223 731 1282 eiua
742 1214 873 1301 partem)
906 1222 913 1236 ⁶
937 1221 956 1294 ‘,
971 1238 1158 1297 eorumquae
1170 1221 1302 1280 lemmati

175 1349 235 1390 non
255 1330 433 1408 subscriptos
453 1332 599 1391 invenerit
619 1350 686 1391 eum
705 1350 741 1391 eo
759 1331 924 1392 consentire
944 1331 1081 1391 confidat.
1109 1328 1166 1405 Ita,
1186 1337 1222 1388 ut
1239 1348 1301 1390 uno

177 1448 256 1500 certe
272 1441 407 1518 exemplo
421 1441 556 1518 apposito
570 1459 686 1502 omnem
699 1441 803 1501 lectori
817 1441 1031 1500 dubitationem
1045 1441 1184 1514 eximam,
1197 1420 1302 1499 inini-

176 1550 219 1610 tio
231 1550 300 1609 libri
313 1545 365 1610 32.
380 1551 442 1610 dixi
452 1558 530 1610 totoa
546 1569 687 1611 excuaaoa
701 1570 768 1611 eaae
780 1544 907 1612 BVRd
916 1569 925 1622 ;
935 1531 1000 1610 'iam
1015 1550 1078 1610 eiua
1093 1554 1110 1620 t
1122 1546 1173 1609 11.
1186 1549 1301 1608 inveni·

176 1666 227 1720 tur
239 1661 390 1723 adnotatio
404 1663 597 1745 „becedam
609 1661 649 1722 V.
671 1664 807 1739 deficiam,
821 1660 877 1733 B'’3
897 1662 966 1721 inde
980 1661 1114 1737 sequitur
1126 1660 1302 1737 scripturam
1407 1656 1411 1663 ’

41 1760 47 1771 ’
176 1771 331 1846 vulgatam
349 1762 514 1864 amicicia
531 1773 717 1849 comprobari
737 1791 756 1832 a
776 1772 841 1831 Bd.
863 1771 948 1830 Idem
968 1770 1049 1831 velat
1068 1772 1106 1828 de
1126 1769 1302 1829 editionibus

176 1879 407 1961 Delecampiaua
421 1876 473 1964 (β)
489 1890 520 1941 et
531 1880 775 1962 Broteriena'Q),
791 1901 918 1959 quarum
936 1882 1014 1958 aigle
1028 1881 1054 1939 ai
1070 1881 1103 1938 in
1116 1881 1303 1939 adnotatione

65 2044 70 2054 .
176 1992 244 2069 ipae
254 1992 423 2079 reddentur,
436 2012 503 2052 mea
516 1993 604 2053 editio
615 2011 682 2052 cum
692 1993 751 2052 illia
768 1993 923 2063 consentit,
939 1991 984 2050 uti
993 1986 1048 2063 34,
1061 1985 1132 2050 107.
1145 2009 1212 2050 cum
1224 1991 1303 2050 oedi-

179 2088 229 2160 cea
248 2108 301 2159 aut
313 2105 409 2187 veniat
427 2111 479 2160 aut
491 2088 610 2162 veneorit
627 2104 764 2175 habeant,
779 2091 817 2161 in
835 2104 900 2179 ipsa
919 2107 1019 2160 autem
1040 2101 1173 2161 editione
1184 2101 1304 2178 legatur

178 2221 277 2272 veneat
290 2217 395 2269 neutro
407 2211 528 2294 illorum
542 2211 687 2288 aiglorum
700 2212 844 2289 appoaito,
855 2230 903 2271 me
916 2229 936 2270 a
946 2212 1069 2288 vulgata
1081 2207 1193 2290 βγηοιι
1205 2222 1303 2269 recea-

180 2320 253 2379 aiaae
266 2320 425 2392 indicatum
447 2322 473 2379 ai
487 2339 548 2380 una
560 2322 692 2381 alterave
706 2328 760 2381 ant
778 2331 903 2398 utraque
916 2322 1050 2399 ap'poaita
1069 2321 1230 2392 invenitur,
1249 2320 1304 2380 ali·

179 2430 250 2504 quid
264 2449 283 2488 a
296 2449 363 2489 mea
375 2431 504 2490 editione
518 2432 627 2491 diversi
639 2431 672 2490 in
684 2432 743 2491 illia
757 2438 865 2492 exatat.
887 2429 1013 2491 Numeri
1030 2432 1039 2470 ¹
1052 2437 1083 2490 et
1095 2431 1109 2469 ²
1122 2431 1207 2506 aiglia
1222 2430 1303 2490 codi-

180 2558 249 2614 cum
261 2541 387 2618 appositi
400 2542 526 2618 primam
541 2542 590 2601 vel
604 2541 729 2601 alteram
742 2559 844 2607 eorum
857 2560 978 2601 manum
996 2541 1141 2612 indicant3
1155 2538 1202 2598 Κι
1215 2549 1247 2598 et
1257 2539 1305 2600 K²

181 2651 346 2726 significem
363 2650 620 2730 Delecampiume
640 2654 701 2716 Vct.
717 2653 792 2712 duae
813 2654 950 2729 deinceps
971 2651 1111 2711 lectiones
1124 2668 1303 2710 commemo·

180 2780 273 2822 raeee.
301 2761 339 2820 Iu
352 2763 436 2822 libris
450 2764 576 2838 denique
588 2763 710 2839 triginta
722 2764 870 2841 prioribus
883 2763 1035 2822 interdum
1048 2761 1188 2821 lectiones
1201 2760 1304 2820 ortho-

180 2874 337 2949 graphicas
347 2874 498 2945 adnotavi,
512 2875 564 2933 ubi
574 2892 626 2932 eae
636 2893 655 2932 a
665 2876 812 2933 communi
829 2873 974 2934 scribendi
986 2873 1195 2950 generepaulc
1208 2870 1304 2958 magia

147 3034 153 3045 .
180 2983 351 3043 recedentes
369 2991 469 3040 tamen
487 3001 526 3040 ex
543 2983 658 3057 legibue
680 2984 771 3042 semel
788 2984 862 3042 mihi
881 2983 997 3060 scriptia
1010 2983 1193 3059 recipiendae
1210 2986 1304 3040 erant.

181 3092 252 3153 Non
271 3111 340 3151 raro
360 3091 492 3151 lemmati
509 3093 599 3151 alicui
611 3110 720 3152 nomen
735 3094 792 3152 viri
809 3094 934 3163 alicuius
955 3094 1044 3165 docti,
1063 3093 1156 3151 veluti
1170 3091 1305 3162 Barbari,

181 3201 323 3273 Pintiani,
345 3202 524 3278 adscriptum
538 3209 584 3290 eat
596 3203 685 3262 nulla
693 3221 789 3280 neque
803 3205 935 3263 codicum
949 3221 1045 3281 neque
1057 3202 1216 3261 editionum
1235 3208 1308 3259 nota

181 3311 297 3382 addita3
323 3311 434 3370 scilicet
452 3311 497 3372 illi
515 3313 571 3373 viri
588 3314 666 3373 docti
686 3333 740 3391 per
760 3315 957 3375 coniecturam
977 3332 1062 3374 auam
1079 3311 1307 3370 emendaverant

71 3432 74 3437 ’
183 3431 331 3482 vetustam
352 3423 481 3500 aliquam
501 3424 667 3498 editionem,
689 3442 766 3500 quae
778 3426 943 3485 emendatio
961 3423 1154 3484 ineditionea
1168 3420 1309 3497 vulgatae

184 3540 304 3611 recepta
316 3553 395 3594 nunc
407 3535 527 3593 demum
540 3552 560 3593 a
573 3535 721 3595 codicibus
734 3538 807 3596 maia
819 3544 868 3595 eat
882 3536 1082 3613 comprobata.
1107 3533 1225 3591 Nomen
1240 3531 1307 3591 talia

185 3645 243 3730 viri
257 3645 344 3716 docti,
359 3644 451 3704 critici
464 3644 544 3704 acuti
559 3651 590 3702 et
602 3646 718 3722 sagacia
732 3647 866 3704 omittere
880 3664 987 3724 parum
1000 3660 1129 3721 aequum
1142 3649 1222 3714 erat;
1238 3641 1308 3716 quid

183 3757 216 3815 in
229 3756 288 3816 illis
300 3755 373 3816 locis
388 3755 532 3815 editiones
546 3762 681 3815 vetustae
694 3756 861 3827 habuerint,
877 3773 993 3834 semper
1005 3755 1186 3829 investigare
1201 3770 1309 3829 operae

184 3867 312 3943 pretium
326 3887 385 3928 non
394 3866 567 3927 videbatur.
593 3865 654 3926 Ubi
671 3874 772 3925 autem
792 3867 922 3926 codicum
935 3867 968 3924 in
981 3866 1113 3926 diversae
1127 3869 1226 3941 partes
1240 3863 1308 3921 abe·

185 3977 303 4035 untium
322 3977 374 4036 alii
394 3977 591 4035 coniecturam
611 3975 668 4035 vir-i
694 3976 773 4036 docti
791 3978 1018 4048 confirmabant,
1039 3975 1091 4035 alii
1110 3975 1171 4034 alia
1190 3972 1311 4032 eirhibe·

151 4153 154 4159 ¹
187 4086 270 4157 bant,
280 4084 580 4162 nominiariticieigla
595 4086 715 4146 illorum
724 4087 869 4147 librorum
884 4087 991 4146 addidi.
1013 4084 1182 4160 Aliquotiea
1191 4083 1311 4143 nomina
1401 4169 1405 4176 Δ

186 4194 319 4255 vironm
338 4196 501 4269 doctorum,
520 4196 684 4272 qnialocum
698 4197 825 4274 aliquem
841 4198 1034 4259 emendarrmt
1052 4205 1106 4257 aut
1122 4203 1202 4256 certe
1217 4192 1311 4253 conie-
