2888 4794
607 276 797 321 palarmo.
1229 280 1261 321 1.1

136 442 220 503 caat,-
245 434 260 504 i
284 427 356 499 151.
375 449 494 506 gemma
519 431 639 508 capnitis
657 431 764 490 dicitur
785 432 920 508 pluritas
944 425 1036 509 spiris
1053 433 1186 510 semida,
1211 431 1262 490 ubi

137 544 233 603 media
252 562 312 605 vox
330 542 361 602 in
382 542 466 601 codd.
484 541 514 601 in
535 530 640 619 irpidie
659 548 689 600 et
709 541 833 617 hispidis
854 550 993 618 corrupte
1010 541 1125 620 ingenio
1150 541 1263 603 librarii

136 653 164 712 B
183 652 299 713 transiit
317 653 348 711 in
368 653 507 729 iaspidis,
534 652 614 711 etin
633 651 699 729 ipsa
719 651 905 728 peroratione
923 650 1013 710 totius
1032 651 1128 728 operis
1147 650 1260 713 Ianus

135 782 166 840 p.
181 758 255 823 467.
274 761 369 823 multa
389 760 568 839 interpolata
589 754 711 842 censet),
735 779 837 820 verum
851 761 980 819 maiores
994 761 1083 821 etiam
1102 761 1262 838 interpola·

136 873 231 933 tiones
250 871 281 931 in
302 891 337 930 eo
356 870 555 945 inveniuntur,
575 872 679 948 quales
696 872 775 930 idem
794 872 889 930 codex
901 871 932 929 in
946 870 1093 948 prioribus
1106 871 1189 931 hbris
1201 889 1262 931 non

136 984 234 1042 habet.
262 981 311 1041 Ita
332 977 414 1052 590.
432 999 574 1058 magnum
594 982 742 1057 glossema
759 982 901 1041 insertum
920 979 1042 1058 legitur,
1063 975 1166 1051 5100.
1185 981 1262 1041 alts-

136 1111 204 1152 rum
223 1091 344 1152 minoris
363 1092 506 1163 ambitus3
529 1095 544 1162 S
559 1086 631 1151 140.
646 1091 783 1151 librarius
803 1109 870 1151 cum
888 1092 981 1151 verba
1000 1092 1057 1151 iam
1071 1091 1190 1151 hederae
1203 1101 1263 1152 eto·

137 1205 226 1263 tieala
245 1212 272 1262 et
289 1221 426 1279 equorum
444 1212 609 1261 ornamenta
627 1202 658 1261 in
677 1203 776 1263 codice
794 1202 852 1263 iam
866 1201 992 1263 evanida
1004 1218 1064 1261 non
1077 1202 1176 1278 legere
1189 1219 1261 1280 poa·

88 1304 90 1309 ’
138 1320 199 1385 set,
224 1330 280 1390 pro
302 1313 339 1372 iis
361 1321 388 1376 at
407 1314 529 1371 otiorum
549 1312 700 1371 substituit
707 1330 717 1383 ;
744 1316 759 1383 ς
781 1307 853 1372 151.
874 1330 929 1388 pro
953 1312 1076 1388 vulgato
1101 1313 1197 1372 eadem
1220 1321 1263 1373 eet

137 1442 223 1499 quom
241 1425 390 1484 ostracitin
407 1431 508 1482 uocant
527 1420 598 1480 inB
615 1422 740 1481 maiores
757 1440 811 1499 per
829 1423 968 1497 ambages
984 1424 1143 1482 verborum
1156 1422 1262 1483 scribi-

135 1540 186 1591 tur
205 1551 315 1610 quoque
335 1551 408 1610 quae
427 1533 524 1592 aedem
544 1541 615 1593 estat
630 1534 707 1608 qaod
726 1541 768 1592 est
783 1551 856 1608 quae
869 1534 1014 1592 ostracitis
1033 1543 1160 1593 uocatur.
1183 1533 1263 1593 Hine

137 1660 241 1702 rursus
254 1651 290 1702 ut
307 1643 345 1701 ad
364 1642 477 1719 priores
491 1641 583 1700 libros
597 1641 760 1715 redeamus,
779 1641 809 1700 id
823 1641 859 1701 de
874 1641 972 1701 codiee
985 1641 1012 1699 B
1026 1651 1072 1702 est
1084 1643 1261 1717 addendum,

136 1753 166 1811 in
180 1770 215 1811 eo
229 1751 378 1812 interdum
391 1753 484 1812 verba
496 1751 643 1811 immerito
657 1751 761 1822 omitti,
776 1751 821 1809 uti
835 1745 887 1822 32,
902 1747 954 1811 40.
969 1772 1096 1828 aegrum,
1118 1747 1172 1824 32,
1188 1748 1262 1812 128.

135 1864 309 1935 scabritiam,
324 1857 378 1934 34,
393 1857 445 1920 11.
461 1864 542 1921 iussu
552 1863 716 1938 praeconis,
731 1866 761 1918 et
774 1859 895 1950 lacunas
909 1860 1042 1932 inveniri,
1056 1880 1132 1937 quae
1146 1861 1184 1919 ab
1197 1861 1263 1920 aliis

136 1971 221 2030 libris
241 1971 411 2047 explentur,
433 1987 524 2043 quam
541 1987 595 2045 per
613 1946 848 2027 observationem
868 1969 906 2028 ad
923 1988 985 2028 rem
1004 1970 1094 2045 paulo
1113 1986 1205 2046 supra
1225 1969 1262 2029 si·

136 2081 306 2158 gnificatem
325 2097 392 2140 sum
410 2096 576 2155 regressus.
601 2075 699 2136 Plinio
721 2077 833 2137 sufficet
853 2077 927 2138 haee
945 2097 1009 2138 sors
1026 2078 1128 2154 iniqua
1149 2079 1262 2150 cecidit,

136 2197 171 2253 ut
183 2189 295 2263 nullus,
316 2209 355 2250 ne
368 2187 582 2267 Bambergensi
595 2189 712 2264 quidem
727 2197 860 2265 excepto,
880 2189 943 2260 eius
958 2190 1053 2248 codex
1065 2188 1141 2251 liber
1154 2191 1263 2250 sithoc

136 2319 243 2377 genere
256 2301 405 2360 vitiorum.
430 2301 510 2359 Hinc
528 2300 676 2378 plurimae
694 2299 819 2358 lacunae
837 2299 1027 2360 inveniuntur
1039 2301 1071 2359 in
1084 2301 1262 2362 editionibus

136 2417 206 2472 ante
223 2410 413 2489 Harduinum
437 2411 538 2485 editis,
565 2429 692 2487 querum
718 2410 823 2469 ultima
847 2417 1077 2473 commemoratu
1101 2412 1193 2488 digna
1216 2418 1263 2473 ast

136 2519 368 2598 Dalecampiana
382 2515 446 2601 (β);
465 2523 566 2599 plures
587 2522 677 2581 etiam
691 2519 786 2583 laetae
800 2528 870 2580 aunt
884 2523 922 2581 ab
936 2521 1103 2593 Harduino‚
1124 2522 1186 2597 qui,
1206 2521 1261 2581 sic·

135 2632 188 2691 ubi
199 2632 231 2692 in
243 2651 303 2691 uno
317 2632 449 2690 alterove
462 2649 585 2691 suorum
600 2631 732 2689 codicum
746 2633 836 2689 verba
849 2630 994 2689 nonnulla
1012 2630 1121 2689 omissa
1139 2630 1269 2704 invenlt·

135 2759 170 2801 ea
182 2750 333 2817 tamquam
346 2739 511 2801 adulterine
524 2739 585 2797 fers
598 2739 707 2811 ubique
721 2737 819 2807 eiecit3
833 2755 942 2813 pressa
950 2755 1018 2796 eum
1030 2739 1061 2796 in
1073 2741 1130 2797 hac
1144 2757 1260 2813 quoqne
1320 2756 1323 2759 ·
1340 2750 1345 2756 '

134 2870 167 2910 re
181 2860 227 2910 est
240 2857 358 2911 secutus
372 2847 522 2908 Broterius
537 2841 595 2924 (γ).
623 2845 724 2907 Huius
744 2846 788 2907 rei
808 2855 842 2905 ut
854 2847 973 2924 plenem
994 2848 1130 2928 notitiam
1148 2849 1261 2924 accipe·

133 2976 233 3019 remus
252 2975 349 3032 neque
367 2957 496 3015 incertae
515 2955 688 3015 dubitationi
706 2956 744 3016 de
764 2956 938 3034 recipiendis
959 2957 1143 3018 eliciendisve
1163 2957 1261 3017 verbis

133 3069 166 3127 in
186 3085 247 3125 uno
267 3074 320 3125 aut
337 3065 472 3143 pluribus
492 3065 577 3125 libris
599 3066 716 3126 omissis
738 3067 857 3127 obnoxii
872 3086 1014 3141 essemus,
1035 3070 1092 3128 hoc
1110 3074 1157 3127 est
1176 3085 1259 3127 sum·

134 3195 216 3236 mum
235 3194 289 3235 neo
307 3177 610 3264 satisaestimandum
628 3177 765 3237 meritum
785 3178 892 3237 codicis
912 3177 953 3251 B,
980 3178 1032 3236 sed
1056 3178 1113 3237 hac
1138 3179 1204 3255 ipsa
1221 3176 1260 3238 de

134 3305 225 3348 eausa
244 3287 377 3362 sequitur
398 3295 510 3346 certum
531 3287 568 3345 de
586 3285 643 3344 hac
661 3305 696 3344 re
714 3287 853 3346 iudicium
871 3305 925 3346 nos
942 3289 1031 3347 modo
1049 3289 1082 3346 in
1101 3289 1186 3349 libris
1205 3306 1260 3348 sex

134 3397 301 3457 novissimis
321 3396 399 3455 ierre
416 3415 514 3474 posse.
545 3393 733 3471 Quantopere
752 3397 842 3472 igitur
859 3396 1048 3457 librariorum
1061 3399 1093 3456 in
1105 3401 1162 3457 hec
1174 3417 1209 3456 re
1221 3398 1258 3457 li·

135 3505 236 3565 centia
251 3524 306 3583 per
330 3508 385 3566 hos
410 3505 501 3565 libros
526 3513 662 3580 grassata
682 3505 730 3577 sit,
755 3507 919 3566 accuratius
944 3507 1204 3567 demonstrandum
1229 3516 1259 3566 et

134 3616 218 3691 ipsae
236 3615 360 3675 lacunae
378 3616 409 3674 in
429 3615 574 3690 quasdam
594 3615 704 3674 classes
723 3615 949 3690 distrrbuendae,
974 3619 1052 3676 unde
1078 3619 1177 3677 statim
1201 3635 1257 3694 ap-

133 3726 247 3801 parebit
267 3744 316 3785 eas
336 3725 387 3784 uni
404 3724 563 3784 temeritati
581 3733 611 3783 et
633 3725 825 3801 negligentiae
850 3726 1037 3786 librariorum
1058 3727 1171 3797 deberi,
1198 3744 1257 3785 non

134 3853 200 3895 esse
213 3836 383 3894 tribuendas
393 3835 499 3910 doctae
513 3834 662 3895 sedulitati
680 3836 793 3894 librarii
813 3836 937 3896 alicuius
950 3835 1084 3894 Plinium
1104 3835 1257 3895 emendare

134 3942 271 4013 volentis,
294 3961 361 4001 cum
380 3944 411 4002 in
430 3945 553 4003 diversis
573 3945 737 4020 promiscue
757 3944 904 4003 codicibus
918 3944 1123 4014 inveniantur;
1143 3945 1256 4007 addita·

134 4058 236 4113 menta
255 4069 336 4122 vero,
358 4052 464 4125 quibus
482 4053 512 4111 in
531 4051 594 4110 aliis
608 4051 691 4109 libris
704 4052 774 4109 illae
788 4052 911 4111 lacunae
925 4052 1090 4130 explentur,
1112 4073 1172 4115 non
1192 4075 1256 4118 esse

135 4164 330 4238 glossemata,
364 4161 415 4221 sed
438 4160 503 4238 ipsa
531 4161 622 4220 verbe
648 4157 784 4220 Pliniana
805 4161 950 4239 intelliget
975 4164 1026 4241 qui
1048 4165 1167 4244 singule
1187 4167 1257 4227 loca

1038 4286 1052 4316 s
