2888 4794
187 324 314 369 LXXXN
653 323 842 369 nanniano,

188 479 311 538 debetur
328 484 359 535 et
376 473 628 536 Constantino
647 473 880 549 Straubelio,
905 477 957 554 qui
976 478 1052 537 mira
1071 479 1225 540 ooulornm
1245 484 1307 541 aoie

187 604 283 664 noque
303 586 415 646 minore
434 604 505 645 eura
521 585 660 663 plagulas
679 593 810 647 meantes
824 587 1027 664 perlustravit,
1046 597 1076 648 et
1088 589 1146 666 ipsi
1158 587 1308 651 stte·

187 715 334 768 manno,
356 695 422 773 qui,
443 713 503 754 non
521 703 675 756 oontentns
694 697 732 757 ab
745 697 803 756 hoo
815 714 933 774 qnoque
945 705 1030 775 parte
1046 698 1125 758 libro
1137 698 1197 759 iam
1210 701 1309 777 prodi·

186 814 255 866 turo
274 824 395 866 manum
414 805 575 865 salutarem
593 806 753 866 admovere
771 807 959 882 mandesque,
979 806 1094 884 siquae
1109 826 1181 867 oasa
1194 810 1309 869 restite·

186 923 271 990 rant,
295 916 457 992 corrigere,
482 934 502 973 a
521 933 570 973 me
583 915 666 992 ipso,
691 921 726 975 ut
742 917 793 990 ῆι,
818 917 849 974 in
868 916 1021 976 scribendo
1034 918 1179 977 admissos
1193 934 1309 978 errones

187 1025 351 1103 domique
367 1025 471 1102 lapsus
490 1031 574 1084 tanta
590 1025 749 1101 sagacitate
769 1033 815 1083 est
830 1026 971 1099 rimatiis,
990 1032 1025 1086 ut
1044 1032 1074 1085 et
1092 1045 1159 1086 meo
1175 1035 1206 1086 et
1218 1027 1310 1087 Plinii

187 1137 305 1196 nomine
319 1136 346 1195 ei
358 1141 514 1214 propterea
525 1152 616 1211 ¹quam
628 1135 756 1193 maxime
766 1135 822 1194 sim
832 1136 1001 1195 obstrietus.
1022 1133 1090 1210 Qua
1099 1136 1128 1195 in
1139 1135 1309 1195 laudatione
1429 1169 1432 1173 -

187 1265 255 1306 oum
267 1246 459 1305 libentissime
468 1244 621 1323 praefandi
633 1245 722 1304 finem
734 1244 852 1318 faeiem,
866 1243 939 1304 nihil
949 1244 1023 1304 mihi
1035 1245 1191 1305 dicendum
1203 1251 1308 1318 restat,

187 1356 245 1413 nisi
263 1356 320 1414 hoo
340 1374 443 1428 unum,
464 1375 512 1414 me
529 1356 561 1414 in
579 1355 688 1432 optatis
707 1352 825 1427 habore,
847 1373 885 1413 ne
904 1356 1038 1431 egregios
1056 1355 1123 1414 illos
1144 1354 1235 1428 viros,
1257 1354 1309 1429 qni

188 1482 374 1541 quacumque
392 1465 509 1553 demmin
527 1465 641 1525 ratione
660 1472 695 1523 ut
707 1466 765 1523 hoo
777 1483 852 1541 opus
866 1466 996 1542 prodiret
1013 1465 1181 1537 effecerunt,
1199 1464 1308 1524 volun·

188 1574 257 1633 tatis
270 1590 341 1632 suae
354 1576 509 1652 poeniteat.

232 1733 401 1797 scribebam
416 1732 584 1794 Dresdae
597 1735 669 1812 ipsis
683 1734 814 1794 kalendis
828 1733 972 1793 Ianuariis
986 1728 1180 1791 MDCOCLI.

612 2753 877 2846 MONITUM.

228 2961 275 3019 Do
295 2937 473 3037 compendiis
493 2959 669 3035 scripturae,
692 2959 799 3033 quibus
819 2957 849 3015 in
870 2954 1077 3016 commentario
1099 2949 1305 3012 conseribendo

186 3088 258 3129 usus
278 3088 355 3140 sum,
376 3069 407 3149 in
425 3069 490 3145 ipsa
510 3066 689 3144 praefatione
708 3067 824 3125 abunde
848 3066 940 3143 egisse
957 3071 1040 3142 pulo,
1062 3071 1092 3122 et
1104 3063 1142 3120 de
1161 3060 1306 3120 codioms

186 3180 305 3253 quidem
320 3198 351 3255 p.
365 3175 449 3237 Lrv.
460 3196 537 3254 sqq.,
552 3177 588 3235 de
605 3177 749 3254 scriptura
760 3195 830 3235 vero
849 3175 980 3251 vulgata,
995 3182 1138 3251 quatenns
1152 3170 1190 3227 ab
1205 3188 1241 3227 ea
1253 3188 1306 3227 no·

187 3296 248 3347 stre
257 3288 388 3347 recensio
399 3288 530 3359 discedit,
541 3305 572 3364 p.
584 3284 693 3345 LXIX
703 3304 767 3362 sqq.
789 3286 856 3345 Hoo
866 3287 932 3344 loeo
948 3284 978 3342 id
988 3302 1080 3343 unum
1093 3281 1124 3339 in
1134 3271 1305 3337 memoriam

184 3398 329 3457 lectorum
348 3398 547 3457 revocandum
561 3415 625 3456 esse
638 3396 750 3473 putavi,
765 3414 819 3474 per
833 3396 962 3454 litteram
977 3389 994 3475 β
1008 3389 1132 3453 indicari
1149 3386 1305 3447 aditionem

185 3506 453 3586 Daleoampianam‚
467 3527 520 3587 per
534 3525 551 3586 γ
564 3504 777 3566 Broterianom.
