2888 4794
144 293 237 336 LXXX
608 293 798 337 PRAEFATIO·

143 448 176 507 in
196 447 317 506 modum
338 454 486 524 corrupta.
507 445 555 505 Ee
573 447 611 504 dc
632 465 720 506 musa
739 447 827 505 etiam
845 447 875 505 in
895 447 1003 506 talibus
1022 448 1110 520 lotis,
1131 465 1206 524 quos
1225 469 1274 509 me

143 565 223 618 recte
236 558 422 635 interpretari
434 575 521 633 posse
534 557 598 634 ipse
612 557 814 635 desperabam,
835 557 1030 616 dubitationes
1044 576 1126 618 meas
1140 559 1273 637 proferre
1321 562 1324 565 ’

144 676 175 728 et
184 667 415 728 imbecillitatem
426 669 568 738 confiteri,
580 686 671 743 quam
684 667 812 744 speciem
823 686 932 726 cosme
945 667 1128 728 intellexisse
1141 639 1214 746 prae
1224 690 1273 730 me

30 822 35 831 .
143 778 220 838 terre
230 779 331 851 malui,
346 779 388 837 ita
399 779 516 836 demum
527 777 713 863 difficultates
723 796 743 835 e
752 795 800 835 me
811 783 991 837 monstratas
1002 779 1162 853 aliquando
1172 800 1272 840 remo-

143 890 209 949 veri
221 906 309 967 posse
322 905 454 965 sperans.
475 887 672 946 Verbositatis
686 888 808 959 crimen,
823 878 983 947 dummodo
996 907 1050 965 per
1063 908 1130 948 eam
1142 908 1192 950 res
1206 891 1273 967 ipsa

141 999 181 1058 sit
198 1008 344 1076 promota,
363 999 410 1056 his
429 999 461 1055 in
478 1000 567 1056 rebus
582 997 679 1055 minue
692 996 850 1056 reformido
865 1015 954 1072 quam
967 998 1083 1059 ieiunae
1097 999 1271 1073 sterilitatis,

141 1127 201 1184 qua
214 1109 348 1181 efficbur,
363 1115 398 1166 ut
410 1107 505 1165 multa
517 1125 594 1182 quae
607 1108 780 1184 explicanda
795 1116 880 1166 erant
889 1127 948 1168 non
959 1108 1145 1186 explicentur
1155 1115 1185 1168 et
1200 1110 1271 1185 quid

141 1219 238 1277 editor
253 1219 369 1291 sentiat,
381 1234 469 1293 saepe
483 1217 656 1276 nesciemus.
679 1215 767 1290 Quod
780 1225 880 1276 autem
894 1235 953 1276 non
968 1219 1065 1278 omnia
1077 1220 1120 1278 ita
1135 1221 1270 1296 exposui,

141 1327 254 1387 factum
266 1328 298 1386 id
311 1320 357 1386 esl
368 1346 423 1404 per
436 1345 577 1404 magnum
592 1328 688 1404 operis
702 1327 831 1387 Pliniani
844 1329 998 1388 ambitum.
1020 1328 1058 1388 In
1078 1330 1152 1389 locis
1166 1330 1269 1407 peral-

141 1439 208 1496 lelis
223 1457 239 1496 e
254 1438 377 1498 vetustis
392 1436 583 1513 scriptoribus
596 1437 752 1495 laudandis
765 1437 821 1496 hos
836 1438 909 1497 mihi
928 1439 1004 1498 fines
1017 1439 1114 1516 posui,
1133 1448 1168 1499 ut
1181 1439 1269 1498 modo

141 1549 294 1624 graviores
303 1565 405 1606 eorum
416 1547 561 1620 efferrem,
569 1565 643 1623 quos
650 1548 745 1624 ipsum
751 1547 881 1607 Plinium
887 1547 1194 1626 expressisse(quales
1200 1557 1270 1610 sunt

140 1657 321 1730 Aristotelis,
336 1653 552 1738 Theophrasti)
566 1665 597 1715 et
609 1675 684 1733 quos
697 1659 735 1716 ab
749 1658 825 1730 eliis,
839 1659 884 1717 uti
897 1677 917 1716 a
929 1657 1028 1718 Plinio
1042 1659 1212 1733 Valeriano,
1231 1679 1269 1719 ex

140 1768 239 1828 Plinio
259 1777 392 1845 sumptos
411 1786 475 1826 esse
494 1767 682 1826 manifestum
695 1776 751 1841 est,
775 1786 851 1843 quae
870 1777 970 1828 eutem
984 1771 1021 1828 ab
1035 1770 1101 1828 eliis
1115 1770 1268 1846 scriptoriss

139 1880 196 1939 bus
204 1877 303 1938 Plinio
317 1897 449 1954 congrue
461 1885 632 1966 narrantur,
641 1897 677 1937 ea
691 1879 788 1937 omnia
799 1879 973 1952 omitterem,
986 1880 1053 1956 ipse
1067 1898 1138 1938 vero
1147 1877 1267 1938 illorum

140 1991 315 2066 scriptorum
327 1977 419 2050 verbe
428 1989 634 2060 exscriberem,
650 1989 703 2047 ubi
714 1989 815 2047 autad
826 1990 1048 2066 explicationem
1058 1991 1159 2048 autad
1170 2008 1267 2049 emen·

139 2100 286 2158 dationem
299 2100 431 2158 locorum
445 2097 651 2157 Plinianorum
664 2097 775 2156 referre
788 2099 953 2158 videbatur.
987 2096 1066 2171 Quid
1080 2099 1164 2159 verbi
1175 2118 1268 2159 causa

139 2209 214 2269 iuvit
233 2206 264 2280 2,
288 2204 339 2267 96.
362 2227 426 2284 sqq.
446 2206 576 2279 eLivio,
590 2207 713 2267 Valerio
726 2210 870 2282 Maximo,
892 2208 970 2268 Iulio
984 2207 1182 2286 obsequente,
1201 2210 1266 2269 aliis

140 2320 232 2379 verbs
244 2318 360 2390 efferre,
376 2318 483 2392 quibus
498 2326 613 2376 ostenta
623 2336 642 2375 a
651 2318 748 2376 Plinio
762 2325 882 2377 narrate
895 2319 1082 2378 referuntur?
1103 2319 1220 2379 Pariter
1234 2320 1266 2378 in

139 2429 305 2488 nominibus
323 2428 526 2505 geographicis
545 2427 732 2500 Strabonem,
752 2426 935 2505 Stephanum
949 2428 1136 2508 Byzantium,
1158 2428 1265 2488 Ptole-

139 2557 267 2610 maeum,
287 2537 363 2597 elios
376 2545 440 2596 tum
455 2540 572 2597 demum
586 2538 723 2615 produxi,
737 2539 789 2598 ubi
801 2557 855 2616 per
869 2540 1066 2599 coniecturam
1080 2540 1142 2599 tale
1152 2558 1265 2617 v,nomen

139 2669 159 2709 a
170 2668 218 2708 me
238 2650 366 2727 primum
380 2657 426 2708 est
438 2648 624 2709 immutatum
639 2657 691 2708 aut
705 2650 851 2709 codicibus
864 2649 936 2708 nihil
955 2650 1013 2709 nisi
1030 2668 1145 2731 errores
1153 2649 1264 2710 -calemi

139 2761 343 2820 exhibentibus
357 2760 442 2819 lectio
456 2760 579 2836 vulgata
593 2756 610 2841 β
630 2759 687 2819 fuit
699 2761 860 2819 retinenda
883 2761 970 2819 Hane
990 2760 1029 2819 ad
1049 2760 1262 2832 vindicandam,
1297 2774 1301 2781 ’

138 2873 342 2946 undecumque
355 2870 448 2947 potui,
470 2871 552 2929 locos
566 2870 724 2946 parallelos
738 2870 888 2943 arcessivi,
903 2871 1011 2945 quibus
1024 2871 1135 2932 frustm
1148 2871 1262 2946 quaesi·

136 2983 175 3041 tis
195 2999 301 3040 nomen
321 2981 420 3056 ipsum
441 2997 479 3037 ex
499 2997 582 3037 more
601 2980 672 3038 mihi
689 2987 807 3057 recepto
827 2981 858 3038 in
878 2981 1004 3041 indicem
1024 2983 1157 3041 criticum
1178 2979 1262 3039 reieci

137 3072 446 3165 reiectumquelittera
461 3084 478 3168 β
493 3088 627 3165 apposita
641 3090 752 3148 notavi.
1165 3076 1168 3081 ¹

180 3199 266 3258 Nihil
278 3200 338 3258 iam
351 3199 501 3272 reliquum
514 3206 568 3271 est,
583 3199 640 3257 nisi
653 3206 688 3256 ut
701 3200 835 3274 lectores,
851 3201 903 3277 qui
913 3201 984 3261 huic
992 3201 1068 3261 libro
1078 3202 1261 3275 contingent,

135 3311 272 3386 ingentes
286 3309 481 3382 difficultates,
496 3309 669 3384 quibuscum
682 3311 754 3369 mihi
768 3313 991 3370 conflictandum
1004 3311 1071 3384 luit,
1085 3327 1124 3367 ne
1136 3328 1261 3386 prorsus

138 3410 360 3493 obliviscantur,
372 3421 459 3478 enixe
468 3439 580 3496 rogem.
602 3420 643 3478 Et
653 3421 778 3479 ambitus
794 3422 888 3499 operis
902 3430 932 3480 et
945 3440 1044 3482 rerum
1056 3421 1087 3480 in
1102 3439 1138 3479 eo
1151 3428 1260 3479 trecte-

136 3543 234 3592 tarum
247 3531 405 3590 multitudo
421 3540 451 3590 et
463 3531 589 3590 varietas
600 3531 670 3606 quin
680 3532 718 3590 ad
728 3532 839 3590 multos
849 3550 965 3591 errores
976 3530 1064 3608 (quos
1075 3532 1149 3590 tales
1159 3529 1261 3591 haberi

136 3661 224 3721 posse
243 3642 344 3715 velim,
365 3641 468 3717 quales
486 3641 654 3700 hominibus
669 3641 876 3700 condonandos
895 3660 960 3700 esse
973 3641 1141 3718 nuperrime
1160 3639 1261 3698 docuit

136 3774 269 3814 summus
279 3753 353 3812 Her
360 3770 508 3809 mannus
518 3751 550 3809 in
560 3751 764 3810 dissertatione
775 3752 811 3809 de
821 3731 1158 3829 EuripidisTroadlbus‚
1169 3770 1200 3827 p.
1211 3744 1259 3828 5.)

136 3883 183 3923 me
204 3848 367 3933 deduxerit,
386 3859 507 3920 minime
526 3861 639 3931 dubito,
661 3867 691 3918 et
704 3862 755 3936 qui
769 3867 864 3920 totum
879 3881 954 3938 opus
968 3881 1007 3920 ex
1019 3880 1080 3920 uno
1094 3878 1184 3938 quem
1196 3859 1259 3935 ipse

136 3973 319 4048 potisshnum
331 3972 472 4031 tractavit
484 3970 550 4029 loco
570 3971 700 4030 iudicare
720 3979 750 4030 ct
765 3989 849 4031 suam
865 3989 965 4031 euram
978 3973 1010 4030 in
1028 3992 1062 4031 re
1075 3970 1196 4054 pusilla,
1216 3968 1260 4027 uti

136 4081 229 4154 decet,
250 4099 474 4156 quoquoversus
490 4081 634 4140 intentam
653 4084 690 4140 ab
710 4082 820 4142 editore
839 4083 930 4142 totius
952 4082 1096 4142 naturalis
1116 4079 1258 4139 historiae

136 4198 274 4269 expetere
287 4192 425 4263 voluerit,
440 4191 486 4251 cui
499 4193 599 4268 generi
611 4193 741 4252 iudicum
754 4193 822 4252 talis
832 4193 920 4253 iudex
933 4193 1130 4254 accensendus
1143 4191 1192 4264 sit,
1207 4189 1259 4248 alii
