2888 4794
617 308 724 353 arnan
746 309 769 353 1.
1214 287 1254 352 25

136 458 258 537 sicrito,
291 457 453 537 Nearcho,
487 458 715 546 Megasthene,
749 458 966 545 Diognetow,
1000 457 1253 535 Aristocreonte,

135 559 252 638 Bione,
286 559 476 639 Dalione23,
514 560 679 627 Simonide
706 561 842 637 minore,
876 558 1000 637 Basilo,
1034 558 1253 646 Xenophonte

134 658 357 747 Lampsaceno
367 672 404 728 ²⁴.
432 700 439 707 -

373 837 523 912 niuno
552 837 633 912 vu.
665 834 1022 945 couniunurun

137 961 293 1031 Gentium
314 968 474 1035 mirabiles
500 969 622 1057 figurae
640 976 664 1047 ¹,
696 968 872 1056 prodigiosi
898 977 1025 1054 partus,
1059 967 1100 1032 de
1126 967 1253 1032 homine

134 1070 332 1154 generando,
355 1072 500 1157 pariendi
523 1082 667 1157 tempora
687 1071 905 1157 perinlustria,
934 1070 1082 1155 exempla
1102 1076 1143 1134 a²
1163 1092 1254 1135 men-

135 1170 222 1234 sibus
244 1189 298 1233 vn
319 1172 361 1236 ad
383 1191 451 1236 xm
460 1179 483 1251 ³,
513 1173 605 1260 signa
627 1195 725 1238 sexus
746 1173 779 1237 in
801 1171 942 1259 gravidis
969 1170 1160 1257 pertinentia
1180 1182 1254 1236 ante

105 1300 109 1313 ·
133 1282 271 1356 partum,
295 1275 488 1339 monstruosi
509 1286 632 1361 partus,
656 1274 755 1338 excisi
776 1286 879 1351 utero,
902 1273 957 1356 qui
978 1272 1042 1337 sint
1055 1272 1188 1357 vopisci,
1212 1273 1253 1338 de

135 1384 295 1458 conceptu
316 1375 496 1453 hominum,
533 1377 739 1463 generatione
775 1374 970 1453 hominum4,
1009 1374 1253 1439 similitudinum

135 1476 297 1561 exempla,
330 1478 608 1542 numerosissimae
636 1478 757 1543 subolis
785 1476 947 1563 exempla,
981 1476 1022 1540 ad
1050 1497 1131 1560 quos
1152 1498 1253 1541 annos

133 1578 297 1662 generatio
307 1584 329 1655 ⁵,
362 1585 530 1642 mensum⁰
550 1579 584 1643 in
613 1579 740 1644 feminis
768 1579 936 1656 miracula,
972 1599 1054 1660 quae
1083 1578 1164 1644 ratio
1193 1602 1253 1667 ge-

133 1679 280 1757 nerandi,
308 1680 567 1745 historicacirca
587 1680 709 1759 dentis,
738 1679 890 1744 historice
912 1680 996 1744 circa
1015 1679 1161 1760 infantis,
1184 1704 1252 1745 ma-

132 1779 338 1866 gnitudinum
352 1782 509 1867 exempla,
529 1782 737 1867 praeproperi
750 1781 900 1859 infantes,
920 1780 1058 1868 insignia
1073 1802 1252 1865 corporum,

132 1880 218 1943 vires
246 1882 397 1960 eximiae,
431 1884 583 1948 velocitas
610 1882 799 1968 praecipua,
832 1882 921 1946 visus
944 1881 1068 1959 eximii,
1102 1882 1251 1946 auditus²

131 1982 338 2060 miraculum
366 1983 522 2069 patientia
543 1984 700 2068 corporis,
728 1982 896 2060 memoria,
923 1982 1016 2070 vigor
1043 1983 1155 2063 animi,
1185 1984 1250 2051 cle-

131 2084 262 2162 mentia,
286 2083 404 2150 animi⁸
425 2085 623 2173 magnitudo,
651 2107 759 2149 rerum
780 2094 944 2172 gestarum
967 2084 1092 2150 claritas
1114 2107 1248 2163 summa,

132 2196 197 2250 tres
220 2208 362 2251 summae
384 2187 520 2252 virtutes
540 2188 574 2251 in
597 2186 720 2265 eodem,
742 2186 944 2252 innocentia⁹
966 2209 1099 2267 summa,
1120 2186 1249 2252 fortitu-

87 2360 91 2368 ,
132 2287 174 2350 do
196 2310 328 2367 summa,
350 2291 481 2378 ingenia
501 2291 675 2376 praecipua
685 2296 721 2369 ¹⁰,
745 2290 799 2373 qui
820 2289 1055 2375 sapientissimi,
1078 2301 1251 2376 praecepta

132 2388 216 2453 vitae
237 2391 417 2470 utilissima,
441 2393 481 2456 de
504 2393 709 2477 divinatione,
737 2393 787 2457 vir
809 2401 960 2478 optumus
981 2393 1151 2471 iudicatus,
1179 2415 1248 2456 ma-

132 2499 241 2556 tronae
256 2493 492 2578 pudicissimae,
514 2517 656 2559 summae
676 2494 804 2580 pietatis
825 2495 982 2580 exempla,
1002 2494 1124 2559 artibus
1140 2494 1268 2575 excel-¹

130 2592 244 2673 lentes,
264 2596 446 2683 astrologia,
462 2597 670 2683 grammatica
682 2604 717 2674 ¹¹,
744 2596 912 2674 medicina,
935 2596 1121 2683 geometria,
1143 2595 1248 2661 arohi-

132 2705 271 2774 tectura,
299 2698 440 2783 pictura,
469 2699 645 2784 scalptura,
674 2697 810 2774 aeraria,
838 2695 1058 2773 marmoraria,
1093 2696 1247 2775 ehoraria,

132 2799 306 2876 caelatura3
350 2801 454 2885 pretia
479 2799 643 2864 hominum
670 2797 824 2886 insignia,
863 2797 904 2861 de
932 2795 1086 2863 felicitate
1113 2819 1246 2875 summa,

130 2900 243 2963 raritas
266 2901 510 2966 continuationis
531 2902 565 2966 in
587 2900 730 2978 familiis,
764 2899 926 2965 varietatis
950 2899 1096 2985 exempla
1116 2897 1247 2963 mirabi-

130 2999 187 3079 lia,
210 3000 260 3093 bis
281 3003 495 3087 proscriptus,
518 3003 676 3066 honorum
699 3004 846 3088 exempla
866 3002 1038 3081 mirabilia,
1061 3002 1173 3067 decem
1190 3008 1248 3066 'res

129 3103 163 3165 in
183 3125 249 3167 uno
271 3103 489 3183 felicissimae,
512 3104 578 3168 divi
598 3104 745 3195 Augusti
767 3106 916 3184 adversa,
941 3126 1021 3188 quos
1043 3105 1076 3169 di
1097 3105 1246 3171 felicissi-

130 3226 200 3269 mos
213 3212 237 3248 ¹2
263 3206 476 3271 iudicaverint
485 3209 519 3285 ¹³,
554 3229 650 3290 quem
677 3208 840 3272 viventem
866 3218 903 3272 ut
930 3207 1027 3272 deum
1054 3208 1115 3273 coli
1140 3208 1243 3273 iusse-

130 3307 195 3370 rint
203 3309 243 3385 ¹⁴,
267 3308 378 3395 fulgur
398 3307 556 3384 mirabile,
581 3308 621 3372 de
645 3310 756 3393 spatiis
779 3309 864 3375 vitae
886 3310 1095 3398 longissimis,
1127 3310 1167 3374 de
1189 3333 1245 3375 va·

163 3532 206 3580 Ad
217 3532 326 3583 indicem
338 3533 395 3582 libri
407 3533 467 3582 VII.
481 3533 585 3582 adhibui
597 3534 701 3583 RTad.

165 3604 186 3647 1.
198 3598 306 3662 gentium
323 3600 447 3651 mirabiles
456 3600 571 3664 figurae,
583 3616 633 3650 om.
647 3602 677 3651 T.
700 3602 750 3653 Sed
761 3603 839 3653 habet
851 3605 927 3654 etiam
940 3605 1021 3652 codex
1033 3602 1151 3655 salmasii
1162 3615 1244 3650 exerc.

128 3680 153 3729 p.
165 3669 221 3716 708.
233 3682 255 3715 a.
267 3668 300 3718 D.
340 3675 363 3718 2.
377 3686 400 3730 a,
414 3684 463 3718 orn.
476 3670 508 3718 R.
549 3675 572 3718 3.
585 3667 671 3730 XIII,
683 3671 734 3720 Ra.
753 3669 835 3733 XVI,
849 3673 902 3722 Td.
944 3678 966 3721 4.
979 3669 1020 3718 De
1031 3669 1189 3734 generatione
1202 3666 1244 3718 to-

128 3733 224 3796 minum
236 3735 287 3785 Ra.
306 3743 330 3784 et
338 3737 503 3799 generatione,
516 3737 569 3787 Td.
606 3743 628 3786 5.
641 3734 829 3788 Similitudinum
840 3781 870 3788 -
879 3739 1015 3803 ueneratio,
1027 3739 1077 3787 vid.
1091 3740 1112 3797 7,
1127 3741 1244 3798 50-62.‚

128 3805 195 3852 unde
210 3803 260 3851 hoc
271 3804 327 3867 ipso
344 3805 430 3854 ordine
441 3805 525 3864 rerba,
538 3820 692 3868 quamquam
704 3821 717 3854 e
729 3807 891 3856 deterioribus
904 3808 975 3855 codd.
988 3804 1147 3867 interpolata,
1159 3805 1244 3866 posuit

127 3869 205 3920 Hard.
223 3868 267 3918 Ad
283 3888 344 3934 quos
356 3887 436 3921 aranos
447 3873 581 3935 peneratio,
599 3872 813 3922 numerosissimae
826 3874 914 3924 sobolis
928 3871 1044 3935 exempla,
1058 3869 1244 3921 similtiudinum

127 3938 245 4002 exempla,
254 3940 356 3989 RTad.
375 3944 397 3989 6.
407 3954 522 3999 mensum,
532 3941 585 3989 Rd.
602 3941 726 4000 mensium,
737 3941 789 3989 Td.
807 3941 867 3990 Vid.
878 3943 960 3999 ad33,
972 3942 1027 3988 137.
1058 3941 1079 3987 7.
1090 3940 1198 4000 abortus,
1212 3940 1242 3990 T.

128 4011 151 4054 8.
164 4006 247 4067 animi,
259 4008 341 4057 RTa.
361 4015 384 4054 et
396 4004 480 4067 enirni,
498 4008 521 4055 d.
558 4013 581 4055 9.
594 4007 737 4067 innocentia,
749 4008 831 4056 RTa.
850 4017 873 4056 et
884 4006 1028 4066 innocentia,
1042 4007 1064 4054 d.
1103 4012 1141 4055 10.
1160 4004 1243 4055 direr-

127 4088 172 4122 sae
187 4072 276 4124 laudes
290 4075 459 4140 plurimorum,
476 4090 495 4122 r.
533 4080 572 4123 11.
588 4076 759 4138 yrnmmeticu,
776 4090 825 4123 orn.
843 4076 944 4124 RTad.
968 4073 999 4123 In
1014 4074 1097 4123 indico
1114 4075 1161 4138 ipsi
1178 4075 1243 4124 libro

126 4143 263 4203 praemisso
275 4146 307 4193 ad
319 4144 458 4206 marginem
471 4143 548 4191 habet
560 4144 584 4193 R
596 4141 627 4191 ab
640 4145 726 4191 eadem
738 4158 828 4204 manu3
840 4144 890 4193 vid.
905 4145 927 4202 7,
942 4148 998 4192 123.
1023 4148 1062 4192 12.
1076 4140 1243 4209 dfflcillines,

127 4224 149 4258 a
186 4215 224 4260 la.
242 4210 468 4272 inducamur.
507 4216 544 4261 11.
562 4212 695 4271 iusserant,
708 4211 739 4259 T.
