2888 4794
614 274 805 322 palarmo.
1188 277 1269 320 xum

144 431 357 491 titiamducere
370 429 456 491 libuit
476 447 536 488 non
554 430 640 504 meis,
662 431 713 490 sed
731 430 825 509 ipsius
844 428 932 489 Plinii
952 429 1148 506 integerrimis
1173 416 1272 490 verbis

143 540 303 601 conscribo.
324 587 366 600 ..
387 538 424 598 In
443 539 576 618 margine
595 546 706 612 autem,
726 539 778 600 ubi
791 538 986 599 necesarium
999 541 1117 618 putavi,
1132 557 1223 617 super
1235 538 1272 599 iis

142 651 280 723 maxime,
305 668 381 726 quae
405 651 533 710 obscura
556 649 606 710 vel
627 650 732 727 mavia
751 648 790 707 ad
813 647 1039 725 intelligendum
1055 655 1271 728 proponuntur,

142 759 280 837 ingenioli
294 760 351 819 mei
364 759 601 836 qualemcunque
614 759 804 835 capacitatem
819 758 1044 832 communicavi,
1055 757 1171 818 nullum
1184 775 1272 836 prae·

142 871 284 931 iudicium
298 870 479 929 doctioribus
492 864 636 929 iaciens.''
657 869 774 928 Harum
796 887 869 927 vero
882 867 1052 946 glossarum
1064 867 1273 945 marginalium

141 981 173 1039 in
200 980 299 1040 codice
317 978 553 1058 ¹Guelferbytano
574 979 690 1039 nullum
715 986 761 1037 est
785 977 952 1054 vestigium,
977 978 1021 1037 uti
1045 978 1077 1036 in
1101 978 1273 1038 universum

142 1090 292 1150 Robertua
312 1089 492 1166 paucissima
510 1090 542 1149 iu
563 1090 695 1149 mationa
708 1088 799 1148 Plinii
817 1087 997 1160 immutavit,
1016 1088 1075 1147 nisi
1090 1074 1177 1165 'quod
1197 1104 1273 1147 uon·

143 1199 242 1261 nullas
260 1197 462 1278 paragraphus
480 1208 534 1260 aut
553 1199 585 1259 iu
603 1198 722 1259 brevius
737 1197 883 1258 contraxit
896 1205 949 1258 aut
962 1199 1144 1275 transposuit
1157 1193 1206 1280 (3,
1221 1193 1274 1260 68.

143 1304 194 1369 66.
220 1307 251 1382 7,
265 1306 319 1369 41.
334 1305 387 1370 37.
403 1305 475 1370 175.
492 1305 578 1387 174.)
600 1317 632 1368 et
650 1328 686 1369 ea
705 1310 743 1369 de
762 1325 853 1369 causa
873 1307 1061 1384 ingeniosus
1075 1307 1185 1383 aliquid
1200 1326 1273 1368 con-

142 1418 273 1479 donavit.
296 1419 399 1480 Unum
412 1419 655 1492 additamentum,
676 1420 756 1497 quod
772 1437 788 1477 c
802 1417 937 1494 margine
950 1418 982 1477 in
995 1417 1063 1496 ipsa
1075 1415 1166 1477 Plinii
1180 1419 1275 1478 verbs

45 1528 48 1532 ’
141 1528 283 1606 migranea
299 1528 420 1602 dixeris,
438 1529 547 1606 legitur
565 1527 584 1591 7
586 1571 597 1603 ,
613 1524 698 1601 179„
720 1528 772 1589 ubi
789 1528 948 1602 Robertus,
973 1528 1109 1606 pluribus
1128 1527 1274 1589 vatiuniis

141 1639 266 1698 vetustis
283 1658 301 1697 c
319 1636 420 1705 Plinio
438 1630 595 1716 repetitis„
606 1639 645 1699 ad
665 1639 902 1717 superstitionem
920 1637 1105 1698 ethnicorum
1122 1639 1272 1715 cmugm·

16 1740 20 1749 '
93 1736 96 1739 ⁵
140 1747 208 1807 dam
228 1748 325 1808 addit:
347 1746 437 1823 „Sed
450 1749 498 1809 his
517 1749 662 1809 v'atiuniis
681 1768 741 1808 non
760 1749 949 1821 credendum,
971 1767 1039 1807 cum
1059 1748 1176 1827 saepius
1194 1747 1273 1809 ielsa

141 1857 227 1917 sint?
257 1843 296 1916 In
318 1857 441 1932 integris
464 1864 565 1917 autem
583 1857 706 1918 Roberti
730 1858 884 1930 codicibus,
910 1858 956 1915 uti
980 1875 1018 1915 ex
1037 1857 1101 1917 eius
1120 1858 1273 1935 prooemio

140 1972 231 2043 patet,
251 1966 342 2023 index
360 1950 451 2037 totius
464 1967 610 2043 epitomae
623 1965 761 2024 Pliniano
781 1964 883 2024 similis
897 1936 1067 2047 inveniatur
1080 1984 1200 2033 necesse
1214 1974 1272 2028 est.

141 2072 283 2134 Ceterum
300 2075 396 2134 codex
413 2093 431 2134 e
450 2093 509 2152 quo
531 2078 626 2136 bonus
645 2073 808 2134 monachus
827 2091 883 2134 sua
899 2075 1035 2151 sumpsit,
1058 2093 1158 2152 quem,
1179 2075 1274 2138 sicubi

139 2185 321 2245 naussum
341 2184 486 2246 seusam
503 2167 680 2259 rismum,
700 2183 850 2244 nominavi
868 2177 945 2266 (quo
962 2184 1030 2245 1000
1049 2185 1148 2245 suem
1167 2186 1198 2245 u
1215 2188 1272 2247 ee-

140 2295 269 2356 dandum
275 2313 368 2373 ,per
388 2315 440 2357 aas
463 2295 684 2375 paragrapbos,
711 2295 763 2356 ubi
783 2301 925 2374 excerpta
943 2295 1007 2357 eius
1028 2296 1207 2372 adamantur,
1229 2297 1272 2388 ibi

139 2406 227 2465 modo
244 2424 282 2465 ea
298 2404 492 2482 intelligenda
510 2426 585 2481 esse,
605 2406 657 2466 ubi
675 2407 849 2466 nominatim
870 2406 1021 2480 dicuntur,
1049 2414 1080 2465 ct
1097 2427 1136 2467 ex
1153 2407 1276 2468 silentio·

139 2515 212 2574 nihil
225 2534 291 2577 esec
305 2512 542 2600 conficiendum),
562 2536 623 2577 non
642 2516 760 2595 optimis
781 2517 901 2592 quidem
915 2509 1012 2598 (quod
1023 2517 1085 2576 iam
1097 2517 1174 2578 illud
1187 2517 1270 2579 Ara·

140 2626 214 2686 biam
227 2623 258 2701 2,
271 2621 344 2687 190.
350 2625 483 2704 prodit),
496 2634 529 2687 at
541 2613 710 2687 melioribus
724 2634 801 2687 certe
815 2636 862 2686 est
874 2629 1072 2687 accensendus
1077 2634 1117 2711 ‚st
1129 2639 1283 2704 magnam·

13 2795 18 2803 Ι
140 2735 360 2797 similitudinem
374 2754 442 2796 cum
455 2736 509 2795 Kr
523 2743 554 2794 et
568 2755 638 2796 cum
650 2736 775 2799 lectione
789 2735 912 2810 uulgata
927 2733 944 2816 β
959 2755 1031 2812 prae
1045 2754 1078 2795 ss
1097 2736 1164 2810 iert',
1185 2739 1269 2798 cuius

28 2849 31 2852 ’
138 2847 236 2906 bonas
245 2845 384 2906 lectiones
399 2845 569 2922 saepissime
583 2846 746 2904 confirmat.
767 2842 930 2904 Permultis
949 2843 1024 2903 locis
1037 2847 1131 2904 bonas
1146 2852 1178 2903 et
1191 2845 1268 2906 alio·

72 2971 75 2974 ’
138 2974 206 3013 rum
220 2961 251 3012 et
263 2954 382 3012 illorum
394 2953 541 3014 librorum
554 2953 694 3014 lectiones
708 2954 870 3038 confirmat,
890 2953 973 3014 solus
993 2953 1167 3014 coniecturis
1186 2955 1268 3016 viro-

138 3083 205 3124 rum
226 3064 379 3123 doctorum
398 3063 544 3124 calculum
564 3064 664 3124 adiicit
683 3058 730 3145 (2,
755 3059 806 3125 90.
830 3059 902 3125 108.
925 3059 998 3125 114.
1025 3059 1056 3137 6,
1079 3059 1159 3146 ba),
1185 3065 1268 3126 solus

139 3174 228 3234 etiam
252 3195 291 3234 ex
315 3176 450 3235 ommbus
474 3177 547 3250 meis
572 3177 656 3237 libris
681 3194 785 3237 veram
808 3175 963 3235 lectionem
987 3147 1141 3252 aliquoties
1166 3177 1268 3255 prodit

139 3278 187 3365 (6,
200 3281 276 3345 814.
296 3280 328 3360 8,
341 3280 423 3367 38),
442 3293 477 3345 ut
494 3287 611 3363 integro
630 3287 728 3348 codice
747 3286 793 3345 uti
806 3286 892 3346 nobis
904 3302 965 3345 non
978 3286 1096 3346 licuisse
1110 3289 1149 3370 sit
1162 3287 1266 3348 dolen-

139 3395 220 3454 dum.
249 3394 334 3455 Idem
352 3414 423 3456 vero
442 3414 511 3455 cum
524 3396 583 3455 alia
596 3396 679 3468 uua,
699 3405 761 3456 tum
780 3395 1020 3472 interpolationes
1035 3397 1170 3456 omnibus
1184 3397 1265 3458 codi-

139 3504 223 3564 cibus
242 3524 413 3566 communes
433 3505 523 3566 habet
536 3500 584 3586 (2,
600 3497 662 3584 4.),
683 3512 713 3565 et
730 3504 887 3580 aliquoties
906 3506 987 3566 solus
1008 3515 1053 3566 est
1072 3507 1266 3584 interpolatus

139 3609 183 3692 (3,
199 3609 259 3696 5.),
277 3636 336 3694 quo
356 3616 443 3676 etiam
462 3615 568 3677 referri
588 3622 713 3693 possunt
731 3615 946 3694 dittographiae
966 3617 1022 3678 sibi
1039 3619 1202 3695 appositae,
1222 3616 1266 3675 uti

140 3720 172 3798 2,
184 3721 236 3787 89.
260 3723 291 3798 5,
304 3723 355 3789 53.

180 3836 301 3894 Ineditis
324 3837 535 3915 scriptoribus,
564 3839 641 3896 unde
668 3836 797 3912 aliquem
822 3836 951 3896 fructum
976 3837 1006 3894 in
1031 3815 1264 3895 emendationem

138 3941 229 4001 Plinii
246 3944 481 4004 redundaturum
496 3947 658 4022 sperabam,
681 3964 748 4004 cum
762 3963 828 4004 eam
842 3963 943 4004 curam
957 3945 1158 4021 impenderim,
1177 3956 1265 4007 erunt

138 4053 189 4131 qui
209 4051 352 4112 mirentur
372 4057 513 4114 Vincentii
525 4056 736 4115 Belloocccnsis
755 4053 875 4132 specula
894 4075 913 4113 a
931 4073 1055 4115 menon
1075 4075 1139 4118 esse
1160 4057 1190 4129 in
1210 4078 1263 4119 au·

137 4165 243 4224 xilium
264 4173 384 4238 vocata,
411 4164 518 4243 quippe
539 4183 614 4242 quae
633 4163 725 4224 Plinii
744 4164 954 4226 emendationis
973 4168 1180 4246 marusimum
1199 4187 1263 4230 esso
