2888 4794
360 311 430 361 trs.
447 310 483 360 11.
513 309 592 358 cur.
609 309 720 357 uxvn.
738 308 865 357 txvnr.
897 306 994 356 sacr.
1010 310 1041 353 u.
1055 309 1086 353 cs.
1212 286 1270 354 171

158 479 191 532 et
217 463 351 552 rigentis
380 474 598 549 temperantur
625 486 745 547 eaeque
771 462 862 547 ipsae
887 458 970 527 inter
998 482 1032 526 se
1058 478 1121 527 non
1144 461 1273 545 perviae

157 578 291 653 propter
311 565 494 632 incendium
516 566 640 630 sideris.
669 564 721 629 Ita
736 577 840 628 terrae
856 564 912 628 tris
926 565 1027 649 partis
1047 559 1178 627 abstulit
1199 576 1273 626 oae-

157 670 241 746 lum,
264 669 375 733 oceani
396 666 509 750 rapina
531 667 563 730 in
583 667 705 731 incerto
728 675 787 731 est.
822 662 889 730 Sed
911 676 944 729 et
964 665 1076 729 relicta
1096 659 1189 728 nobis
1210 684 1275 726 una
1290 678 1337 726 trs

158 770 263 855 portio
284 768 370 833 haud
392 769 457 833 scio
479 789 521 830 an
544 767 639 830 ctiam
660 767 694 830 in
715 766 833 831 maiore
856 760 971 830 damno
993 766 1044 844 sit,
1066 765 1152 829 idom
1174 764 1274 846 siqui-

161 872 235 936 dem
248 888 387 937 oceanus
401 868 528 934 infusus
541 869 575 932 in
589 868 717 946 multos,
739 880 777 932 ut
796 868 949 947 dicemus,
971 867 1059 932 sinus
1074 867 1154 930 adeo
1170 866 1275 931 vicino

158 974 296 1037 adcessu
312 973 437 1035 interna
459 968 557 1033 maria
577 969 716 1035 adlatret
737 980 773 1034 ut
795 980 922 1034 centum
944 968 1125 1053 quindecim
1147 969 1276 1034 milibus

158 1095 313 1160 passuum
334 1071 493 1136 Arabicus
521 1069 609 1136 sinus
637 1071 736 1136 distet
761 1071 802 1136 ab
823 1071 990 1158 Aegyptio
1011 1071 1109 1149 mari,
1137 1069 1277 1154 Caspius

160 1198 236 1240 vero
252 1188 422 1238 ccccxxv
440 1173 569 1237 milibus
587 1171 764 1238 aPontico.
793 1170 885 1237 Idem
905 1172 1081 1237 interfusus
1102 1171 1200 1236 intrat
1220 1192 1278 1257 per

160 1287 209 1340 tot
227 1276 328 1340 maria
342 1274 459 1359 quibus
472 1271 630 1352 Africam,
652 1273 828 1361 Europam,
850 1271 965 1338 Asiam
986 1273 1151 1360 dispescit,
1175 1295 1278 1358 quan·

161 1391 229 1443 tum
250 1388 405 1443 terrarum
427 1377 581 1462 occupat?
611 1372 817 1463 Conputetur
837 1375 934 1441 stiam
955 1398 1041 1440 nunc
1062 1397 1211 1440 mensura
1232 1384 1280 1439 tot

160 1479 348 1558 fluminum,
375 1489 535 1544 tantarum
556 1472 744 1563 paludium,
775 1478 933 1543 addantur
959 1488 992 1542 et
1017 1479 1105 1543 lacus
1117 1525 1126 1555 ‚
1154 1487 1277 1565 stagna.

160 1580 230 1646 Iam
257 1583 339 1646 elata
363 1581 398 1645 in
424 1581 549 1646 caelum
574 1590 608 1645 et
634 1580 734 1644 ardua
761 1580 919 1664 adspectu
946 1601 1072 1662 quoque
1096 1579 1189 1666 iuga,
1215 1578 1279 1642 iam
1294 1595 1342 1641 174

161 1683 258 1748 silvae
273 1683 437 1765 vallesque
452 1691 646 1767 praemptae
669 1691 702 1745 et
722 1679 910 1744 solitudines
933 1692 966 1744 et
986 1680 1072 1746 mille
1094 1680 1198 1745 causis
1220 1680 1278 1744 de·

161 1794 246 1849 serta
268 1780 483 1848 detrahantur.
516 1781 590 1845 Hae
613 1791 661 1844 tot
681 1781 843 1865 portiones
865 1790 983 1858 terrae,
1011 1780 1107 1844 immo
1129 1802 1220 1858 vero,
1243 1791 1280 1844 ut

160 1885 271 1970 plures
293 1883 465 1973 tradidere,
488 1883 599 1946 mundi
620 1892 770 1967 punctus,
794 1881 915 1964 (neque
930 1880 1016 1945 enim
1029 1880 1118 1947 aliud
1132 1891 1182 1946 est
1195 1891 1281 1945 terra

160 1985 195 2049 in
208 1984 387 2069 universa)
408 1983 488 2048 haec
504 1994 554 2047 est
567 1982 700 2047 materia
714 1982 834 2070 gloriae
848 1991 986 2060 nostrae,
1008 1982 1088 2048 haec
1102 1982 1206 2060 sedes,
1228 1981 1281 2046 hic

161 2086 296 2152 honores
322 2085 481 2173 gerimus,
504 2084 556 2150 hic
578 2101 764 2150 exercemus
785 2083 927 2168 inperia,
948 2084 1002 2149 hic
1023 2105 1100 2171 opes
1122 2084 1278 2170 cupimus,

161 2186 213 2252 hic
228 2188 458 2253 tumultuamur
470 2184 645 2251 humanum
659 2203 772 2273 genus,
788 2184 840 2250 hio
854 2185 1070 2251 instauramus
1084 2185 1169 2252 bella
1183 2184 1280 2250 etiam

162 2288 268 2355 civilia
294 2288 479 2371 mutuisque
505 2288 658 2354 aedibus
684 2288 838 2352 laxiorem
865 2287 1000 2353 facimus
1026 2299 1160 2366 terram3
1190 2297 1224 2355 ot
1242 2297 1280 2351 ut
1295 2302 1342 2349 175

161 2381 306 2475 publicos
321 2391 466 2479 gentium
487 2391 611 2457 furores
634 2401 803 2468 transeam,
825 2389 905 2456 haec
925 2391 959 2454 in
981 2410 1046 2475 qua
1066 2388 1280 2456 conterminos

162 2491 308 2578 pellimus
323 2493 475 2576 firmoque
492 2492 589 2558 vicini
610 2492 785 2578 caespitem
807 2501 915 2556 nostro
938 2492 1006 2559 solo
1027 2492 1220 2571 adsedimus,
1243 2501 1281 2556 ut

163 2593 219 2677 qui
244 2593 399 2660 latissime
426 2614 502 2659 rura
526 2605 665 2659 metatus
693 2594 792 2659 fuerit
817 2595 965 2679 ultraque
992 2593 1110 2658 famam
1136 2595 1281 2686 exegerit

164 2694 293 2761 adcolas
320 2704 418 2778 quota
452 2702 609 2758 terrarum
635 2703 728 2780 parts
755 2694 910 2782 gaudeat,
944 2694 995 2760 vel
1022 2716 1096 2761 curn
1122 2696 1163 2761 ad
1190 2717 1280 2764 meu-

164 2868 369 2946 epiptioalit-
390 2864 513 2947 GGCPX
518 2868 547 2930 V,
564 2870 594 2918 Τ.
619 2909 649 2917 ..
673 2865 791 2929 millibus,
808 2884 858 2918 om.
876 2870 908 2920 R.
933 2911 964 2919 -
982 2879 1021 2932 tot,
1038 2888 1054 2920 a
1069 2868 1200 2935 (Robora)
1215 2880 1282 2935 tota,

164 2935 245 2984 RTd.
265 2975 296 2983 -
316 2942 393 2984 antrat
403 2949 437 2984 ex
449 2936 620 3000 dittographia
636 2937 767 2999 proximas
782 2938 851 2987 vocis
864 2945 947 2987 ortum
958 2938 1064 3001 videtur,
1077 2952 1135 2988 cum
1145 2939 1192 2988 sslo
1204 2941 1281 2989 verbo

164 3002 256 3081 deleto,
277 3016 328 3064 quo
350 3003 507 3054 concinnitas
527 3005 713 3054 enunciationis
724 3020 827 3069 prorsus
848 3006 974 3069 evertitur,
994 3014 1049 3056 tota
1065 3008 1183 3070 periodus
1199 3008 1281 3058 multo

165 3068 288 3147 concisior
299 3070 375 3120 simul
396 3079 421 3120 et
440 3072 581 3135 elegantior
599 3073 724 3122 reddatur.
751 3072 811 3122 Vid.
832 3071 916 3133 §171.
935 3115 968 3126 ...
986 3073 1082 3137 Asiam,
1094 3076 1139 3125 Te
1151 3072 1283 3139 (Robert.)

164 3134 309 3217 Artumque,
329 3140 374 3188 Re
393 3136 478 3218 (codd.
499 3136 603 3202 Gelan.)
623 3136 674 3205 βγ.
698 3182 729 3190 .-
753 3140 877 3206 dispescit,
897 3141 977 3193 R²ad
998 3142 1084 3205 (codd.
1107 3140 1209 3205 Gelon.)
1226 3143 1283 3193 dum

165 3204 282 3269 desperat,
295 3223 314 3255 r.
333 3207 505 3272 dispescz,R¹.
525 3251 556 3257 -
575 3206 725 3270 multum,K.
746 3248 777 3257 ..
795 3219 908 3274 occupat,
920 3228 942 3260 a.
966 3207 1161 3276 occupethst.
1185 3226 1282 3276 occupe-

164 3280 210 3334 tur,
222 3273 325 3324 Robert.
339 3317 370 3324 -
392 3274 549 3340 computetur,
561 3278 647 3327 Ra²d
669 3277 812 3341 occupetur,
825 3279 860 3326 a'.
880 3278 937 3330 Om.
950 3278 1053 3329 Robsrt.
1067 3320 1098 3328 ..
1108 3277 1240 3344 fluminum
1251 3287 1283 3340 et,

163 3353 186 3388 σ.
207 3382 238 3390 -
254 3340 389 3407 paludium,
400 3343 453 3393 Ra.
487 3342 594 3405 cladum,
606 3347 623 3394 d
634 3341 763 3406 (Robert.)
774 3340 825 3408 βγ.
845 3386 875 3393 -
896 3343 959 3408 lacu,
971 3346 1016 3395 lat
1036 3388 1067 3396 ..
1086 3355 1183 3411 stagna,
1195 3348 1287 3398 Rada

163 3407 294 3472 (Robsrt.)
312 3419 335 3459 et
345 3420 440 3477 stupro,
478 3425 503 3475 r.
999 3478 1017 3490 Ι,

196 3479 282 3540 §lit
309 3487 364 3538 tam,
384 3481 429 3527 R2.
449 3519 480 3526 -
500 3488 529 3539 et,
549 3479 581 3527 R.
608 3495 645 3538 ae,
666 3481 728 3527 ado
745 3474 875 3539 (Robert.)
894 3520 924 3527 -
943 3494 1036 3539 causes,
1054 3480 1133 3530 aaa
1153 3478 1283 3544 (Robert.)

163 3543 241 3604 casis,
254 3547 294 3594 dt
312 3546 432 3606 sasemis,
444 3546 474 3595 Τ.
494 3586 525 3595 ..
544 3546 610 3606 Hae,
622 3548 679 3596 R²a
691 3542 819 3608 (Robert.)
841 3544 923 3608 Haec,
939 3548 1010 3597 Ru.
1028 3547 1087 3596 Hae
1105 3589 1136 3595 -
1159 3546 1284 3611 portiones

165 3624 215 3659 om.
228 3626 257 3692 r..
269 3652 294 3660 ..
318 3621 356 3674 tot,
369 3614 477 3692 om3R1.
497 3654 528 3662 ..
544 3621 656 3678 punctae,
673 3617 690 3663 d
706 3612 745 3676 (in
761 3611 868 3676 rasura),
885 3615 988 3664 Robert.
1009 3624 1104 3678 puncto,
1116 3615 1199 3664 RTa.
1217 3614 1282 3666 Vul-

164 3686 223 3756 gata
234 3693 278 3728 nx
289 3679 403 3742 terenda3
421 3694 500 3730 immo
517 3682 678 3759 seripendam
694 3683 793 3731 videtur
808 3691 903 3745 puncta,
919 3682 1079 3762 eoli3Senec.
1091 3691 1172 3732 natur.
1186 3690 1282 3781 qupcst.

163 3753 386 3878 catasta:
399 3745 881 3878 attaetttftrtutuee}
900 3745 1086 3875 tatastat
1101 3750 1282 3867 stuta

164 3879 318 3942 mulleorum,
333 3884 378 3931 R'.
402 3880 568 3943 tumultuatur,
585 3884 688 3931 Robert.
703 3879 733 3946 β.
758 3925 788 3931 -
812 3882 1052 3944 instauramur,1i¹.
1079 3924 1110 3932 -
1133 3884 1281 3944 et,a'.0m.

164 3947 268 3995 Robert.
289 3987 319 3996 -
339 3949 461 4009 uiuisque,
475 3949 520 3997 ut

199 4011 284 4074 §lita
303 4015 421 4064 conteram·
437 4028 487 4075 noa,
504 4030 528 4078 p.
555 4057 584 4063 -
600 4017 717 4080 fureque,
734 4017 778 4066 iil.
799 4058 830 4065 -
848 4018 980 4078 coenant
1001 4058 1031 4066 -
1050 4018 1281 4082 adscdimue,Rad.

164 4081 278 4141 ordimur,
290 4097 307 4144 p
305 4096 325 4197 ζ
337 4079 399 4142 (dno
412 4084 483 4132 codd.
495 4083 592 4157 Leidd,
601 4084 675 4161 tJox,
686 4082 778 4132 Venot.
791 4084 824 4133 D.
837 4081 958 4184 Autpnii)
970 4085 1080 4146 Robora,
1094 4089 1160 4150 quod
1170 4086 1282 4139 defendit

165 4149 355 4200 ‘³
368 4167 1281 4291 ,masa
