2888 4794
179 271 259 315 svm
645 266 836 312 suasano.

180 422 314 500 egregias
330 419 460 481 servavit
472 419 580 480 mixtas
591 419 657 479 illes
669 420 942 498 interpolationibus
956 420 1065 497 ineptis
1079 419 1157 479 intra
1171 421 1304 499 singulas

181 551 271 594 voces
289 530 524 591 subsistentibus.
544 529 645 602 Liber,
660 532 739 590 unde
754 531 792 590 1⁰
805 533 946 604 manavit,
961 531 1063 590 multis
1077 531 1136 589 iam
1151 539 1306 610 corrupte-

90 688 94 695 .
180 643 219 702 lis
234 642 346 701 obsitus
359 640 425 713 luit,
440 658 515 715 quas
530 640 662 698 sanaturi
675 640 786 698 librarii
796 640 1035 718 interpolationes
1047 658 1117 699 snas
1130 641 1306 701 intulerunt.
1375 670 1382 680 ·

183 751 276 827 Quae,
286 761 321 811 ut
329 752 373 823 fit,
385 750 520 827 deinceps
532 749 627 826 magis
639 751 795 825 magisque
807 757 910 809 anemo
921 756 981 809 tres
993 749 1101 810 classes
1112 750 1202 809 huius
1214 769 1306 826 gene-

181 863 221 922 ris
232 862 364 922 codicum
378 866 412 918 ut
422 861 641 936 distinguantur
652 858 772 931 faciunt,
784 878 910 935 quarum
922 861 958 919 xl
969 861 1066 918 minus
1078 878 1167 934 quam
1177 879 1306 937 sequen·

182 980 229 1031 tes
247 970 424 1047 interpolate
443 988 530 1047 saepe
549 968 681 1046 egregias
695 969 836 1028 lectiones
853 971 999 1042 servavit,
1022 970 1115 1029 altera
1128 972 1166 1029 1⁸
1185 990 1307 1030 manum

181 1081 430 1158 interpolatricem
444 1079 547 1138 durim
562 1087 608 1138 est
625 1088 758 1156 experta,
779 1080 867 1138 tertia
880 1080 919 1137 xl
936 1080 1126 1158 ineptissimis
1144 1081 1306 1156 interpola·

182 1191 310 1252 tionibus
325 1195 428 1260 scatet,
444 1207 623 1265 quamquam
636 1189 667 1248 in
680 1190 737 1248 hac
750 1207 868 1266 quoque
883 1189 1014 1266 singulas
1028 1207 1160 1267 gemmas
1179 1191 1307 1248 inveniri

183 1319 274 1379 supra
288 1300 450 1360 docuimus.
472 1299 508 1357 In
522 1298 569 1364 his
583 1299 654 1375 ipsis
669 1317 739 1356 vero
753 1298 1025 1376 interpolationibus
1039 1298 1113 1358 illud
1126 1318 1308 1376 percommo·
1337 1331 1342 1336 -
1356 1351 1359 1355 ,

184 1413 257 1470 dum
271 1410 385 1482 condit,
400 1411 478 1484 quod
494 1409 592 1467 statim
606 1408 667 1466 suis
682 1427 714 1466 se
727 1408 843 1484 ineptiis
857 1409 986 1486 produnt
1000 1402 1059 1488 (uti
1072 1408 1163 1485 praef.
1178 1413 1193 1479 ᾖ
1209 1405 1239 1469 8.
1255 1403 1307 1480 10,

186 1517 238 1582 90.
252 1514 305 1593 35,
323 1514 394 1578 111.
409 1513 462 1591 36,
478 1512 545 1594 31.)
559 1535 654 1593 neque
669 1535 734 1576 eam
748 1518 875 1594 speeiem
896 1514 959 1577 veri
972 1537 1044 1594 prae
1058 1537 1090 1578 se
1103 1517 1216 1590 lerunt,
1232 1536 1308 1593 quae

186 1631 266 1691 viros
280 1630 368 1688 etiam
382 1646 442 1687 non
454 1627 586 1686 indoctos
600 1627 631 1685 in
645 1625 801 1703 Sophocle,
815 1626 1024 1704 Xenophontis
1033 1628 1214 1687 institutione
1226 1623 1307 1706 Cyri,

187 1738 336 1800 Ciceronis
349 1737 431 1797 libris
444 1738 482 1796 de
494 1742 601 1796 natura
615 1736 737 1795 deorum
750 1737 874 1814 decepit.

187 1886 190 1891 ·
229 1848 343 1924 Quibus
364 1847 499 1907 omnibus
520 1848 559 1905 de
581 1847 745 1924 conditipne
765 1854 797 1905 et
813 1846 987 1906 auctoritate
1010 1847 1143 1907 codicum
1168 1847 1318 1925 expositis·

186 1967 289 2040 aptum
310 1959 382 2018 mihi
399 1958 519 2018 videtur
538 1956 595 2015 hoc
613 1957 677 2034 ipso
698 1956 728 2015 in
746 1957 812 2016 loco
832 1957 961 2016 inserere
983 1956 1130 2034 syllabum
1144 1957 1309 2016 codicuma

187 2090 235 2130 me
247 2070 529 2146 inspectorumcum
544 2067 627 2144 siglis
641 2067 680 2126 ad
694 2086 745 2126 eos
764 2067 968 2144 significandos
988 2067 1138 2144 appositis.
1165 2067 1236 2127 Feci
1253 2086 1309 2127 an·

187 2188 263 2251 tem,
283 2179 362 2253 quod
382 2177 510 2236 maximc'
528 2177 726 2234 necessarium
746 2177 905 2258 habebam,
920 2177 1077 2254 duplicem,
1098 2185 1129 2237 ct
1149 2178 1309 2237 secundum

188 2289 270 2365 ipsos
292 2288 404 2347 codices
424 2295 454 2345 et
472 2285 632 2345 secundum
652 2284 739 2360 sigla,
752 2271 793 2344 'ut
811 2287 904 2346 lector
923 2287 996 2347 haec
1016 2288 1113 2347 omnia
1126 2307 1185 2348 uno
1204 2289 1309 2348 obtutu

189 2399 297 2458 intueri
308 2407 338 2457 et
346 2397 423 2456 inter
437 2414 470 2454 se
485 2413 655 2472 comparare
668 2403 778 2472 posset.

226 2591 393 2653 Secundum
408 2591 688 2652 codicumnomina=
904 2588 1073 2651 Secundum
1086 2593 1178 2670 sigla:

190 2729 386 2789 Academicus
393 2766 659 2792 .........
707 2721 724 2784 δ
774 2727 848 2786 Α·.
872 2768 879 2784 .
903 2767 912 2786 .
933 2725 1084 2787 Leidensis

188 2837 415 2916 Andegaveusis
427 2879 661 2898 ........
704 2831 725 2894 i}
774 2837 802 2896 B
840 2835 1163 2913 ...Bambergensie

189 2940 417 3023 Bambergensis
430 2987 663 3006 ........
699 2945 725 3003 Β
777 2945 802 3005 O
840 2944 1177 3008 ...vindobonensis
1190 2948 1255 3018 11„

189 3055 399 3120 Barbeniuusl
400 3097 664 3116 .........
706 3075 727 3134 y
775 3055 805 3113 D
840 3054 1100 3116 ...Vaticanus
1113 3053 1198 3119 3861

190 3166 368 3226 Barbarinus
382 3159 466 3225 2503
492 3206 661 3226 ......
710 3187 726 3224 n
775 3163 808 3223 K
842 3164 1035 3226 ...Vetus
1044 3167 1228 3243 Daleoampii

191 3253 374 3336 Burbonicus
388 3273 663 3338 siveCarbonarius
694 3277 727 3336 N
775 3274 803 3334 L
842 3273 1313 3336 .Laurentianuss.MediceusI.

192 3383 394 3446 chiffletianus
527 3427 662 3450 .....
700 3379 725 3446 Θ
777 3386 812 3444 Μ
842 3385 1072 3446 ...Venetus
1151 3383 1160 3400 ⁴

193 3492 441 3574 cracoviensisA
462 3538 663 3558 .......
707 3517 726 3577 η
777 3494 809 3556 N
841 3492 1313 3556 ..Burconioueacarbonarius

234 3605 437 3668 ..-Β
462 3649 663 3668 .......
710 3603 1125 3678 ltP...Monacensis

192 3716 338 3778 Fsucnsis
365 3758 665 3778 ..........
697 3715 728 3775 Y
778 3715 808 3775 R
843 3715 1152 3776 ...Riccardianus

193 3824 377 3887 Gudianus.
401 3869 415 3901 ·.
433 3869 570 3888 .....
571 3797 578 3811 ’
594 3869 605 3897 ,η
626 3869 667 3886 ..
712 3844 728 3905 ρ
780 3826 802 3886 S
842 3823 1184 3887 ...salmanticensis

193 3933 409 4018 Laurentianus
432 3978 633 3998 .......
646 3944 666 3995 ’.
701 3934 729 3994 L
780 3936 808 3995 Τ
842 3979 881 3997 ..
907 3979 914 3996 .
937 3935 1102 3996 Toletanus
1341 4010 1345 4017 .

193 4043 351 4106 Leidensis
369 4087 393 4107 ..
401 4088 666 4108 .........
698 4047 730 4106 Α
779 4047 811 4107 V
844 4045 1103 4107 ...Vossianus
1261 4067 1281 4099 ο

193 4151 389 4216 Londinensis
433 4199 664 4220 ........
684 4151 729 4227 ,Δ
781 4159 811 4218 Y
845 4151 1098 4218 ...Fanensis
