2888 4794
572 311 760 354 remunero.
1047 288 1050 293 ’
1160 312 1233 354 xvir

108 472 198 529 rubro
213 468 309 527 colore
324 466 481 541 adscripto,
495 464 611 523 litterae
625 465 751 522 initiales
765 466 869 540 pictae.
894 462 1009 523 Passim
1024 466 1146 524 mutilus
1161 484 1232 523 con-

108 562 180 639 tinet
200 579 266 637 libr.
286 575 454 636 I-XXX.
473 583 503 633 et
521 575 695 652 plerumque
714 593 782 633 cum
802 575 972 634 melioribus
991 576 1073 634 libris
1087 576 1166 649 lacit,
1182 577 1233 637 ubi

108 689 147 747 ab
167 687 204 746 iis
222 687 321 758 distat,
341 705 400 744 non
421 686 554 756 virtutes,
577 685 628 744 sed
647 685 720 743 vitia
733 685 854 761 propria
868 684 987 744 habens.
1013 686 1123 745 Ianus
1142 705 1181 745 ex
1198 704 1233 744 eo

109 796 256 872 excerpsit
268 797 310 854 Π.
326 799 341 866 5
357 791 472 855 1-46.

152 904 254 965 Codex
277 907 456 965 Parisieosis
481 906 589 981 Ropisa
614 900 696 965 6801
723 898 774 986 (h)
800 907 1040 964 membranaceus
1061 923 1138 964 saec.
1160 905 1233 964 XV.

109 1017 215 1076 litteris
233 1000 393 1075 maionlnus
413 1013 546 1074 Gothicis
567 1015 642 1074 binis
662 1016 805 1075 columnis
819 1015 907 1074 nitide
921 1016 1059 1091 scriptus,
1075 1015 1235 1103 praemissa

110 1126 195 1200 „vita
208 1126 299 1185 Plinii
312 1143 351 1185 ex
365 1125 519 1201 cathalogo
533 1125 665 1184 vir-orm
678 1126 839 1184 illustrium
853 1124 1048 1199 tranquilli?
1076 1123 1236 1183 Librorum

110 1235 248 1295 elenchus
272 1254 291 1294 a
320 1235 422 1294 ceteris
442 1235 555 1294 (1181864
574 1234 604 1294 in
626 1234 723 1312 capito
743 1242 789 1294 est
808 1235 951 1312 digestus.
979 1233 1117 1292 Continet
1136 1252 1236 1293 omnes

110 1343 199 1403 Plinii
217 1344 309 1405 libros
328 1362 424 1419 usque
442 1345 480 1402 ad
495 1340 547 1403 37.
563 1347 578 1414 5
595 1340 678 1416 199,
694 1353 724 1404 et
738 1345 789 1404 vix
803 1345 880 1403 elius
894 1342 984 1402 Plinii
998 1344 1092 1402 codex
1104 1344 1237 1402 invenia-

110 1463 170 1527 tur,
189 1455 241 1514 ubi
259 1457 338 1514 bona
356 1455 442 1513 malis
462 1454 538 1514 adeo
557 1455 617 1514 sint
635 1455 739 1514 mixte.
771 1455 825 1515 Uti
844 1455 923 1513 enim
940 1455 1088 1532 permulto
1109 1453 1180 1513 vitia
1199 1472 1237 1511 ex

111 1565 267 1624 oscitantia
285 1565 398 1623 librarii
415 1571 486 1624 nata
499 1567 593 1624 habet
611 1557 680 1643 (35,
696 1561 768 1624 126.
782 1585 851 1625 cros
871 1583 927 1643 pro
948 1563 1066 1640 cuum),
1088 1564 1132 1622 uti
1146 1565 1238 1622 verbe

112 1669 281 1751 saepissime
299 1681 408 1734 temere
427 1684 497 1734 sunt
515 1676 638 1734 traiecta
658 1684 688 1733 et
707 1674 884 1751 interpolata
898 1671 964 1752 (34,
979 1670 1034 1733 46.
1046 1693 1102 1750 pro
1116 1674 1237 1750 vulgato

111 1786 161 1843 Ea
181 1795 277 1855 amaa
297 1787 434 1844 indicavit
451 1787 584 1845 interisse
604 1783 695 1844 habet
707 1786 884 1845 Estimontce
897 1792 925 1844 ct
939 1786 1097 1844 induentes
1111 1786 1177 1843 item
1191 1788 1237 1858 scs

39 1961 44 1965 .
112 1889 166 1965 34,
192 1888 243 1953 57.
266 1904 346 1952 'unus
370 1894 459 1953 hebet
482 1913 518 1954 cc
541 1912 596 1970 pro
621 1895 744 1970 vulgato
767 1914 812 1965 ac,
838 1912 898 1968 qua
921 1894 1082 1954 mutatione
1106 1893 1185 1952 facta
1208 1901 1240 1951 et

112 2001 259 2077 scriptume
282 2001 408 2060 aliorum
433 2002 541 2078 partim
554 2002 703 2061 'bonorum
722 2002 854 2062 codicum
875 2005 1009 2064 comibus
1029 2005 1101 2063 item
1119 2013 1239 2080 recepta

112 2109 249 2188 procudit
262 2110 402 2179 librarius
416 2111 617 2187 portentosam
630 2086 706 2170 hedo
719 2111 987 2189 interpolationem:
1002 2115 1084 2174 Fecit
1099 2108 1237 2194 (Myron)

113 2232 140 2282 ot
157 2223 272 2283 caudae
291 2232 497 2281 monumentum
515 2241 550 2282 ec
569 2225 692 2283 locustae
713 2224 848 2283 cornibus
863 2227 937 2284 secut
950 2225 1071 2284 Siecrna
1086 2226 1237 2300 siqnificct

113 2351 217 2409 proco
238 2333 318 2407 quod
332 2331 425 2409 vulgo
444 2340 534 2411 recto,
554 2351 733 2408 quamquem
746 2332 859 2409 ingenti
871 2350 947 2393 >cnm
964 2331 1054 2392 Plinii
1067 2353 1176 2406 errore,
1192 2335 1238 2391 le·

114 2442 207 2520 gitur:
231 2444 347 2504 Fecisse
369 2454 397 2502 ct
419 2446 535 2503 cicadae
559 2455 765 2503 monumentum
783 2463 818 2503 oc
839 2447 963 2504 locustae
982 2446 1155 2504 carminibus
1176 2447 1239 2504 scis

113 2553 234 2611 Erinna
248 2556 409 2630 siqnificot5
428 2549 482 2624 34,
498 2549 570 2611 142.
585 2572 624 2611 ex
637 2557 790 2631 modicata
803 2563 833 2612 et
846 2558 995 2633 manifesto
1011 2564 1175 2614 ceterorum
1188 2573 1236 2613 co·

114 2663 213 2721 dicum
225 2663 257 2722 in
270 2663 327 2722 hoc
339 2663 449 2723 lactum
464 2671 509 2721 eat
521 2666 720 2740 manifestem,-
741 2658 793 2734 35,
810 2659 882 2722 170.
897 2682 936 2721 ex
949 2664 1170 2741 interpolatione
1184 2643 1249 2722 co·-

115 2772 213 2832 dicum
232 2772 287 2830 Td
313 2780 523 2850 supranotato
541 2788 597 2828 non
618 2772 674 2829 sibi
692 2773 753 2830 mos
771 2789 839 2829 cnm
858 2772 926 2830 eliis
945 2788 1038 2845 aeque
1055 2772 1237 2846 interpolatis

113 2881 197 2942 h‘bris
209 2883 242 2940 in
256 2883 354 2940 codice
367 2884 392 2939 h·
401 2881 512 2956 legitur
526 2897 581 2936 non
595 2881 719 2953 idoneos,
735 2876 826 2954 eset,
839 2871 912 2941 174.
923 2900 978 2959 pro
992 2899 1027 2940 eo
1038 2880 1117 2955 quod
1127 2881 1238 2955 dudum

114 2968 271 3066 vulgatum
290 3008 368 3049 nunc
388 2983 446 3066 per'
462 2989 488 3049 B
502 2999 548 3048 est
562 2992 784 3068 comprobatum
798 2995 918 3070 reliquie
930 2993 1090 3069 peceribus,
1110 3004 1165 3068 pro
1180 3008 1239 3065 quo

114 3101 145 3160 in
164 3100 248 3160 codd.
263 3100 353 3159 RVd
374 3103 497 3176 copiosis
510 3103 660 3177 peceribus
674 3102 795 3178 legitur,
811 3120 879 3162 mem
892 3092 1069 3179 illis'iisdem
1083 3090 1167 3161 codd.
1179 3103 1240 3160 ha·

114 3212 165 3270 bet
182 3214 330 3301 peceribus
349 3214 502 3273 secundum
516 3207 677 3292 reqioncs);
693 3214 737 3270 uti
751 3213 964 3290 dittographiae
979 3213 1033 3271 adsi
1046 3212 1195 3289 oppositae
1210 3219 1241 3269 et

116 3321 284 3381 coniunctae
298 3323 439 3398 leguntur
453 3318 519 3400 (34,
532 3315 583 3382 66.
598 3326 788 3399 ipocrants'am
802 3326 979 3399 elequentiam,
992 3318 1043 3394 35,
1057 3320 1106 3381 17.
1125 3323 1241 3383 Ardea.-

116 3434 177 3490 tiua
201 3435 244 3492 vel
264 3434 364 3493 edibus
383 3405 496 3509 cuibus,
517 3428 570 3503 35,
587 3420 644 3496 20.
662 3436 744 3490 vellet
761 3435 870 3510 referre
888 3434 955 3491 belle
974 3436 1090 3511 reserat,
1113 3427 1165 3503 36,
1187 3429 1240 3491 42.

116 3545 309 3614 constupuisse
320 3540 452 3620 jecisse),
473 3543 515 3599 ita
535 3541 802 3617 praestantissimae
816 3542 953 3601 lectiones
967 3543 1005 3601 ab
1020 3543 1099 3600 omni
1112 3542 1239 3618 interpo-
1330 3570 1335 3578 ·

115 3651 233 3710 lationis
257 3644 353 3728 s'pecie
366 3651 473 3710 liberas
487 3670 547 3709 non
559 3659 675 3709 tantum
690 3652 758 3735 oum
771 3649 798 3708 B
813 3652 862 3711 vel
880 3653 946 3711 eliis
960 3653 1046 3712 bonis
1060 3653 1143 3711 codd.
1160 3668 1241 3708 com-

116 3776 220 3820 munes
242 3763 342 3833 habet,
362 3761 479 3820 sedeas
495 3762 542 3820 vel
558 3761 638 3819 solus
654 3762 701 3820 vel
717 3781 784 3820 cum
798 3762 863 3821 aliis
877 3763 1022 3822 inferioris
1037 3761 1147 3820 ordinis
1162 3759 1242 3818 codi-

117 3871 200 3930 cibus
215 3873 354 3941 servavit,
370 3870 452 3929 velut
467 3865 518 3942 33,
534 3866 585 3930 33.
594 3875 704 3947 sottus,
720 3866 772 3944 34,
789 3868 861 3930 141.
870 3875 1017 3947 facientis,
1034 3864 1085 3939 35,
1102 3865 1153 3929 28.
1168 3873 1242 3930 olio·

116 3983 177 4057 qui,
189 3973 299 4049 35,30.
311 3981 440 4049 Eretria,
449 3974 500 4051 35,
509 3975 560 4039 36.
572 3976 839 4056 recooperuerit
849 3976 920 4038 164.
932 3979 1098 4055 Asprenati,
1110 3975 1160 4055 36,
1171 3977 1241 4042 121.

121 4089 155 4160 Q.
175 4090 323 4176 Marciae,
349 4087 455 4162 quibus
473 4087 504 4146 in
521 4088 694 4146 lectionibus
715 4095 761 4146 est
781 4091 1067 4151 commemorandum
1087 4093 1242 4170 plerasque

117 4193 219 4259 earum
233 4199 345 4258 dudum
359 4197 576 4293 ineditionibus
592 4197 721 4276 vulgatis
737 4193 773 4279 βγ
787 4205 913 4276 exstare,
927 4203 1009 4280 qnod
1022 4178 1099 4264 idem
1114 4205 1193 4263 valet
1207 4205 1242 4261 de

1015 4320 1038 4369 B
