2888 4794
414 330 484 378 mn.
501 331 567 392 111„
582 328 660 376 cnr.
676 329 727 377 111.
742 329 791 376 ru.
821 327 918 377 sacr.
934 332 954 373 4.
968 331 987 374 5.
1200 312 1260 378 221

142 485 234 572 perio
256 483 356 570 iugis,
380 504 399 546 a
419 481 543 565 reliqua
563 503 638 546 vero
659 477 765 547 Gallia
784 480 884 546 latere
907 481 1148 566 septentrionali
1170 504 1263 548 mon·
1358 470 1360 474 ¹

145 586 232 652 tibus
248 582 404 650 Cebenna
418 593 451 648 et
464 582 605 661 Iuribus,
626 605 776 670 agrorum
796 582 895 661 cultu,
918 583 1059 648 virorum
1074 605 1263 668 morumque

144 686 343 775 dignatione,
367 685 575 771 amplitudine
594 706 692 770 opum
713 684 792 748 nulli
806 683 1043 770 provinciarum
1055 684 1263 768 postferenda

142 787 347 871 breviterque
368 786 463 851 ltalia
483 787 591 852 verius
613 808 710 870 quam
731 786 906 873 provincia.
932 784 973 849 In
994 807 1050 850 ora
1070 785 1160 872 regio
1183 782 1261 852 Sor·
1275 806 1309 850 aa

143 889 263 953 donum
283 889 434 972 intusque
456 886 752 966 Consuaranorum,
775 887 907 952 flumina
927 885 1066 966 Tecum,
1088 886 1262 953 Vernodu-

142 989 254 1067 brum,
278 989 397 1073 oppida
417 988 567 1067 Illiberis‚
589 1012 726 1076 magnae
749 988 911 1083 quondam
931 988 1022 1054 urbis
1044 998 1141 1054 tenue
1162 988 1263 1061 vesti,-

144 1089 244 1177 gium‚
256 1088 399 1154 Ruscino
410 1088 610 1170 Latinorum,
622 1091 742 1157 flumen
751 1090 842 1155 Atax
854 1114 871 1156 e
883 1090 1051 1176 Pyrenaeo
1061 1089 1264 1156 Rubrensem

144 1213 313 1277 permeans
323 1269 324 1272 Ἴ
334 1192 450 1270 lacum,
472 1191 581 1258 Narbo
596 1191 738 1258 Martius
753 1193 1002 1258 decumanorum
1016 1191 1149 1270 colonia,
1171 1211 1225 1260 ΧΠ
1234 1209 1263 1255 Μ

144 1315 230 1378 pass.
259 1316 279 1357 a
306 1291 387 1356 mari
417 1290 556 1372 distana
583 1293 716 1360 flumina
742 1294 895 1373 Arauris,
923 1292 1024 1358 Liria.
1066 1290 1198 1379 Oppida
1222 1293 1262 1359 de
1276 1314 1327 1377 aa

144 1403 250 1459 cetero
271 1417 360 1472 rara,
383 1395 642 1481 praeiacentibus
665 1395 803 1484 stagnis:
836 1394 969 1484 Agatha
990 1393 1152 1477 quondam
1171 1391 1263 1459 Mas·

144 1495 320 1560 siliensium
347 1505 380 1560 et
404 1496 494 1584 regio
516 1497 691 1563 Volcarum
712 1496 928 1586 Tectosagum
954 1505 1050 1580 atque
1071 1496 1129 1563 ubi
1149 1495 1265 1560 Rhoda

143 1595 340 1663 Rhodiorum
364 1597 443 1676 fuit,
470 1598 557 1662 unde
585 1599 690 1663 dictus
716 1598 816 1664 multo
843 1595 1023 1664 Galliarum
1050 1597 1265 1661 fertilissimus

142 1697 319 1763 Rhodanus
341 1700 454 1777 amnis,
478 1722 519 1764 ex
540 1698 682 1784 Alpibus
705 1721 739 1763 se
760 1698 889 1783 rapiens
912 1721 971 1782 per
991 1695 1195 1762 Lemannum
1215 1698 1264 1762 la-

145 1821 218 1863 cmn
236 1820 433 1886 segnemque
453 1799 601 1865 deferens
616 1799 745 1864 Ararim
765 1822 825 1864 nec
845 1799 950 1863 minus
970 1820 1005 1864 se
1024 1799 1095 1884 ipso
1108 1797 1265 1864 'torrentis

142 1899 276 1978 Isaram,
291 1899 494 1965 Druentiam.
522 1900 639 1967 Libica
653 1901 856 1987 appellantur
872 1900 936 1964 duo
959 1899 1028 1964 eius
1050 1921 1106 1964 ora
1126 1900 1264 1978 modica,

36 2007 38 2010 ’
144 2023 184 2064 ex
212 1999 263 2064 his
293 2001 429 2065 alterum
455 2000 689 2086 Hispaniense,
720 2001 856 2066 alterum
884 1997 1104 2085 Metapinum3
1136 1999 1265 2066 tertium

142 2101 294 2184 idemque
317 2099 550 2186 amplissimum
569 2099 834 2166 Massalioticum.
865 2098 950 2165 Sunt
971 2103 1125 2166 auctores
1142 2112 1174 2166 et
1192 2100 1264 2166 He-

142 2202 281 2277 racleam
309 2202 464 2288 oppidum
490 2203 524 2267 in
551 2203 632 2268 ostio
653 2202 802 2268 Rhodani
828 2202 941 2268 fuisse.
979 2201 1075 2268 Ultra
1096 2200 1202 2269 fossae
1224 2226 1264 2269 ex
1278 2224 1313 2270 34

142 2303 298 2369 Rhodano
322 2300 360 2368 O.
382 2302 469 2369 Mari
496 2326 593 2389 opere
619 2313 651 2369 et
676 2304 803 2371 nomine
830 2304 988 2392 insignes,
1017 2315 1167 2393 stagnum
1188 2303 1264 2371 Ma-

142 2407 312 2484 stramela,
346 2405 501 2492 oppidum
527 2403 692 2470 Maritima
722 2405 933 2472 Avaticorum
963 2429 1124 2494 superque
1161 2407 1266 2494 campi

176 2547 191 2608 5
209 2553 249 2598 32.
267 2544 415 2608 Sordonum,
434 2549 450 2597 d
466 2546 550 2610 (codd.
566 2549 644 2598 Voss.
661 2549 694 2596 ad
709 2549 770 2596 Mel.
782 2549 816 2598 Π.
831 2553 854 2608 5,
872 2544 909 2609 8.)
934 2544 1076 2610 Serdicam,
1092 2550 1142 2600 Βῖ.
1172 2548 1265 2601 Sardi·

143 2617 266 2676 num‚R².
295 2610 504 2679 Sordonumssr.
530 2615 591 2663 Vid.
608 2614 698 2664 Ukert.
716 2629 803 2676 geogr.
819 2622 869 2663 vet.
885 2617 1028 2674 11.a,291.
1055 2656 1086 2664 -
1118 2617 1215 2678 Tecum,
1230 2619 1265 2669 A.

146 2683 240 2744 Teium,
249 2683 302 2732 Rd.
325 2681 350 2730 T
347 2683 444 2743 ecloum,
453 2695 477 2729 a.
500 2679 568 2730 Talia
579 2682 631 2730 siva
644 2678 745 2741 Ticbim,
757 2682 860 2730 Barbar.
874 2696 888 2729 e
899 2682 1010 2743 vestigiis
1022 2684 1095 2732 codd.
1112 2685 1182 2733 Illud
1193 2701 1264 2747 prae·

142 2751 280 2799 fertetiam
292 2749 370 2800 Ortel.
388 2750 453 2798 thes.
469 2761 556 2809 geogr.
569 2762 623 2796 ar.
637 2747 736 2798 Orobis.
755 2786 787 2794 -
811 2746 1112 2809 Vernoduoramamo.
1142 2749 1265 2802 Vernodu*

143 2817 215 2876 bium,
227 2817 252 2864 R
262 2819 276 2863 ¹.
304 2812 497 2875 Narnodulrruru,
510 2827 534 2862 σ.
560 2811 647 2875 Obrin,
659 2815 764 2864 Barbar.
777 2814 914 2876 evestigiis
931 2817 1003 2865 codd.
1023 2857 1054 2864 -
1072 2816 1191 2880 Ιὶῐῶονὶε,
1202 2821 1266 2869 Bar·

142 2886 195 2933 bar.
212 2882 346 2942 Illisebare,
358 2882 391 2931 R.
414 2879 563 2941 Illisebarre,
576 2883 627 2934 Td.
651 2879 804 2942 Illisabarae,
818 2874 877 2931 θΚ.
899 2880 1055 2945 Illeseterae,
1066 2898 1091 2934 σ.
1113 2883 1266 2947 Elimeam,

143 2950 176 2999 A.
194 2948 344 3011 Elisaberre,
362 2949 388 3000 S.
410 2947 545 3009 Elmabera
558 2951 631 2999 codd.
642 2951 719 2998 Voss.
736 2951 768 2999 ad
783 2951 845 2999 Mel.
862 2952 898 3001 11.
917 2956 938 3011 5,
957 2957 980 3001 8.
999 2992 1031 3000 -
1053 2951 1079 3002 Τ
1107 2969 1170 3016 ereo,
1182 2956 1214 3004 B.
1233 2994 1264 3004 ...

145 3016 293 3078 Rubroaam,
305 3019 338 3067 K.
352 3058 383 3066 -
402 3014 594 3078 Narborartius,
608 3019 631 3067 d.
649 3014 828 3080 Narboaatius,
841 3019 872 3067 Τ.
887 3060 918 3067 ..
938 3016 1058 3082 Arauris,
1071 2971 1265 3077 Airiumitin,
1329 3078 1331 3083 ,

145 3086 244 3136 Antan.
257 3101 282 3149 p.
296 3091 353 3136 339.
372 3083 474 3146 Araris,
485 3085 561 3136 RAd
573 3082 659 3146 (codd.
672 3082 742 3147 Sur.)
753 3081 782 3147 β.
796 3126 828 3134 ..
846 3084 932 3148 Liria,
943 3087 977 3137 A.
994 3087 1089 3151 Lebaia,
1102 3091 1185 3141 Rue.

178 3152 246 3213 §db
271 3153 407 3215 Volcarum,
420 3153 476 3203 Ad.
501 3152 641 3215 Vulcarum,
653 3154 712 3204 ΒΤ.
732 3195 763 3202 -
786 3154 954 3219 Tectosaqam,
966 3156 1021 3206 Ad.
1053 3155 1221 3223 Tactasaqum,
1233 3159 1265 3211 T.

149 3222 336 3286 Tectamaaqum,
348 3223 380 3271 R.
405 3261 437 3270 ..
450 3221 622 3284 flavius,Td.
641 3264 672 3270 -
698 3219 822 3284 deserens,
833 3224 899 3274 Rob.
918 3264 950 3272 -
972 3221 1082 3286 Ararim,
1094 3228 1126 3276 R.
1151 3225 1265 3290 Araram,

142 3289 199 3339 Ad.
212 3331 244 3338 ..
264 3298 390 3351 torrentes,
402 3282 576 3340 RAOSTer
588 3287 681 3353 (Rob.)
700 3298 833 3350 corruerem,
845 3286 874 3352 β.
891 3333 923 3340 ..
940 3291 1050 3352 Isaram,
1062 3295 1144 3345 RTd.
1163 3294 1266 3346 Isaram

143 3366 174 3419 et,
186 3359 212 3408 A
224 3354 317 3421 (Rob.)
328 3354 350 3419 β
354 3372 378 3422 γ.
392 3399 423 3406 -
439 3356 595 3418 Druentiam,
608 3359 682 3407 codd.
693 3358 798 3407 Barbar.
810 3355 973 3419 Druantiam,
981 3358 1092 3411 RATd.
1113 3362 1266 3425 Truentiam,

142 3439 166 3474 a.
180 3465 211 3474 -
223 3423 320 3486 letica
331 3427 429 3475 Broter.
442 3433 467 3474 et
478 3424 567 3475 Ukcrt.
579 3439 666 3487 geogr.
679 3432 727 3473 vet.
739 3426 774 3475 II.
787 3431 811 3485 2,
823 3430 880 3474 129.
899 3425 1039 3475 Confirmat
1048 3429 1071 3475 d.
1090 3425 1114 3475 L
1131 3428 1194 3490 bica,
1203 3431 1265 3481 ΚΑ.

143 3489 247 3556 Libyca,
258 3489 308 3556 aa
331 3490 434 3556 Linum,
450 3493 528 3542 Voss.
540 3494 572 3541 ad
583 3493 644 3541 Mel.
660 3493 695 3542 11.
710 3497 732 3553 5,
745 3499 768 3542 8.
787 3533 819 3539 -
836 3490 1045 3553 Massalioticum,
1062 3495 1096 3543 A.
1141 3494 1265 3547 malicori.

143 3576 203 3620 cam,
214 3560 240 3608 R
249 3562 255 3590 ¹
263 3561 315 3609 Td.
334 3557 530 3622 Masaliaticam,
542 3561 567 3609 R
575 3561 592 3609 ².
609 3560 752 3624 Exscripsit
761 3561 826 3609 haec
837 3560 955 3610 Martiam
969 3566 992 3621 6,
1005 3566 1062 3611 635.

177 3625 246 3687 §aa
256 3627 354 3691 fossae,
366 3620 476 3678 RAOn.
487 3629 572 3693 fossa,
584 3628 608 3677 T
613 3623 641 3689 β,
655 3630 724 3690 quod
735 3629 802 3678 Pint.
815 3635 841 3677 et
859 3627 967 3679 Casaub.
984 3630 1016 3678 ad
1033 3629 1115 3680 Strab.
1129 3636 1152 3679 4.
1169 3646 1194 3694 p.
1210 3637 1266 3683 184.

143 3695 258 3757 probant.
269 3696 377 3758 fossam,
394 3696 427 3745 K.
447 3736 478 3744 -
499 3693 534 3757 G,
551 3695 634 3746 RAd.
655 3693 813 3760 Opassaam,
826 3697 893 3746 Pint.
914 3693 1067 3759 Cpaasibus,
1085 3697 1175 3747 Ambr.
1188 3697 1210 3748 Ι.
1222 3701 1265 3761 11,

142 3763 226 3810 Vatic.
239 3769 322 3824 3533,
333 3765 436 3812 Barber.
451 3766 507 3813 759.
520 3763 600 3813 etalii
612 3778 651 3826 ap.
664 3764 739 3813 Rem.
762 3763 800 3814 At
810 3780 834 3813 v.
847 3764 955 3815 Salmas.
968 3779 1050 3814 exerc.
1061 3772 1140 3829 p.-66.
1153 3766 1177 3815 b.
1188 3767 1219 3816 B.
1233 3808 1265 3816 ..

144 3824 223 3888 Mari,
235 3828 269 3877 A.
289 3870 320 3877 -
338 3829 452 3893 insigues,
471 3833 494 3880 d.
517 3830 619 3895 insigma,
636 3825 695 3890 Ββ,
718 3834 787 3894 quod
802 3834 912 3895 probant
930 3831 1038 3883 Casaub.
1059 3841 1084 3882 et
1105 3833 1212 3884 Salmas.
1233 3837 1267 3886 sd

144 3896 275 3957 sequentia
294 3895 437 3946 referentes.
461 3895 573 3961 insiqais,
593 3896 660 3946 Pint.
683 3938 715 3945 -
737 3906 833 3962 alapae,
850 3899 958 3950 Salmas.
983 3941 1014 3949 -.
1040 3898 1214 3964 Mastramela,
1231 3902 1265 3954 A.

142 3965 177 4012 Et
193 3963 244 4011 ium
260 3963 327 4012 Pint.
346 3965 378 4012 ad
389 3964 450 4012 Mel.
463 3963 498 4012 11.
516 3970 539 4013 5.
556 3964 698 4013 coniecerat
715 3962 892 4028 Mastramela,
914 3968 1030 4017 Holsten.
1047 3983 1107 4018 vero
1128 3971 1160 4019 ad
1176 3970 1265 4034 Stepb.

142 4030 204 4094 Byr.
221 4045 246 4093 p.
265 4036 322 4080 200.
344 4039 370 4079 et
387 4029 465 4081 Ortel.
483 4032 548 4080 thes.
566 4045 652 4093 geogr.
666 4046 685 4079 s.
697 4047 721 4079 v.
737 4032 886 4082 Astromela
924 4036 1076 4086 raetulerant
1094 4035 1265 4100 Mastromela,

144 4113 233 4147 omnes
250 4098 291 4147 his
303 4097 352 4147 nisi
364 4097 494 4161 Stephano
506 4100 613 4161 Byzant.
630 4113 654 4160 p.
672 4105 730 4149 448.
749 4092 900 4163 Μαστραμέ
933 4116 961 4166 η,
979 4097 1057 4160 πόλις
1068 4099 1112 4152 καὶ
1124 4100 1203 4172 λίμνη
1216 4105 1267 4171 τῆς

143 4157 284 4230 Κελτικῆς,
301 4167 368 4215 unde
381 4166 449 4214 idem
465 4165 584 4216 Holsten.
602 4179 655 4214 non
671 4167 725 4216 sine
739 4167 923 4230 probabilitatis
935 4169 1018 4231 specie
1034 4178 1144 4236 acapnum
1160 4182 1183 4222 ar
1197 4174 1264 4240 oppi-

144 4231 201 4282 dum
219 4232 381 4287 Mastromela
397 4233 467 4296 legit.
490 4231 659 4294 Mastromela,
674 4234 724 4283 It'.
750 4231 899 4296 Astromela,
917 4232 1013 4298 R²dss.
1034 4279 1065 4287 -
1097 4236 1264 4303 Auaticorum,

39 4330 47 4343 .
139 4299 218 4351 'RST
235 4298 320 4362 (codd.
337 4299 454 4365 Barber.)
467 4299 639 4364 'Abatr'corum
655 4301 689 4351 A.
716 4299 886 4365 Auaticorum,
907 4317 931 4353 σ.
