2888 4794
210 277 270 339 166
558 291 761 338 annuarum
784 291 978 338 nrs'roamn

172 462 176 469 ·
250 443 360 510 LXV.
399 445 449 510 65.
477 442 598 532 lugens
619 443 672 508 hic
693 464 803 531 pugna
823 445 1002 508 litterarum
1025 452 1198 526 contraque
1220 443 1326 532 volgi:
1347 464 1395 509 rcr

210 546 422 612 circumfundi
449 556 554 611 terrae
585 545 727 630 undique
755 546 900 612 homines
929 545 1153 628 conversisque
1179 543 1264 609 inter
1294 569 1329 610 se

208 647 346 734 pedibus
369 657 454 712 stare
476 657 509 712 et
530 647 655 712 cunctis
681 646 817 715 similem
839 669 910 712 esse
931 645 1012 711 caeli
1033 647 1202 722 verticem3
1233 646 1329 711 simili

209 751 305 816 modo
335 772 377 815 ex
404 768 605 834 quacumque
632 759 725 834 parte
745 749 885 814 mediam
907 748 1040 827 calcari,
1068 747 1123 814 illo
1145 759 1329 831 quaerente,

211 866 268 918 c'ur
289 873 352 917 non
375 849 528 916 decidant
549 860 661 915 contra
683 850 746 929 siti,
770 860 932 933 tamquam
951 871 1015 914 non
1034 848 1114 914 ratio
1133 857 1261 934 praesto
1276 849 1329 927 sit,

209 965 247 1018 ut
267 976 325 1018 nos
340 975 405 1017 non
418 951 568 1020 decidere
582 951 737 1017 mirentur
750 950 806 1017 illi.
839 950 1018 1015 Intervenit
1039 950 1194 1015 sententia
1216 971 1329 1033 quam-

210 1055 260 1120 vis
274 1053 405 1119 indocili
419 1051 592 1139 probabilis
608 1046 738 1132 turbae,
760 1051 920 1136 inaequali
942 1051 1055 1138 gleba,
1078 1060 1114 1116 ut
1128 1049 1156 1115 si
1171 1052 1213 1116 sit
1224 1052 1331 1139 figura

211 1157 325 1241 pineae
346 1155 454 1233 nucis,
482 1152 688 1219 nihilominus
715 1163 832 1218 terram
858 1153 1001 1237 undique
1024 1150 1129 1217 incoli.
1163 1148 1231 1218 Sed
1252 1152 1332 1236 quid

210 1256 272 1321 hoc
300 1255 401 1320 refert
427 1255 489 1320 alio
515 1255 667 1320 miracrdo
694 1255 873 1333 exoriente,
903 1255 1043 1339 pendere
1068 1253 1174 1338 ipsam
1200 1276 1239 1318 ac
1267 1274 1333 1318 non
1409 1255 1415 1260 ’

213 1357 329 1421 cadere
350 1355 533 1435 nobiscum,
562 1379 620 1422 ceu
637 1357 776 1442 'spiritus
798 1359 846 1422 vis
867 1357 987 1421 mundo
1008 1354 1197 1441 praesertim
1216 1354 1332 1420 inclusi

213 1457 311 1523 dubia
325 1459 376 1536 sit,
399 1467 455 1535 aut
474 1457 575 1545 possit
594 1459 719 1537 cadere,
741 1469 856 1523 natura
876 1468 1077 1546 repugnante
1099 1467 1219 1539 ctquo
1239 1456 1334 1520 cadat

211 1559 367 1648 negante!
383 1576 386 1583 ’
404 1558 488 1624 Nam
510 1560 593 1626 sicut
617 1561 741 1648 ignium
770 1561 863 1626 sedes
889 1580 953 1624 non
975 1568 1025 1623 est
1050 1557 1112 1621 nisi
1136 1558 1170 1622 in
1190 1557 1332 1645 ignibus,
1349 1579 1400 1624 162

212 1682 368 1746 aquarum
382 1661 445 1726 nisi
459 1661 492 1725 in
506 1660 616 1747 aquis,
639 1663 771 1749 spiritus
792 1661 854 1728 nisi
875 1663 910 1726 in
931 1659 1056 1746 spiritu,
1079 1658 1127 1724 sic
1142 1669 1256 1737 terrae,
1278 1681 1333 1723 ar-

214 1761 360 1828 centibus
375 1763 510 1842 cunctis,
525 1762 588 1828 nisi
602 1764 636 1828 in
651 1778 686 1830 se
701 1766 790 1831 locus
805 1772 942 1830 nonest
970 1758 1111 1826 Globnm
1125 1770 1233 1824 tamen
1245 1759 1335 1824 effici

212 1864 329 1928 mirum
351 1864 455 1929 estin
477 1874 566 1930 tanta
589 1866 722 1951 planitie
748 1865 845 1930 maris
872 1880 1131 1948 camporumque.
1169 1858 1232 1926 Cui
1259 1883 1334 1926 sen-

215 1965 334 2030 tentiaa
367 1965 459 2032 adest
492 1965 710 2034 Dicaearchus
749 1967 798 2032 vir
830 1965 865 2030 in
894 1964 1007 2052 primis
1041 1961 1185 2028 cruditus
1220 1982 1336 2050 regum

215 2088 292 2133 cura
312 2086 502 2152 permensus
523 2069 657 2147 montis,
686 2091 728 2133 ex
756 2067 875 2152 quibus
896 2065 1087 2131 altissimum
1107 2059 1336 2152 prodiditPe-

214 2167 280 2234 lion
300 2184 398 2230 Mccn
419 2186 591 2253 passuum,
618 2171 742 2234 ratione
768 2167 991 2253 perpendiculi
1017 2166 1136 2231 nullam
1162 2186 1237 2239 esse
1265 2183 1338 2230 cam

215 2269 393 2355 portionem
414 2269 581 2335 universae
601 2268 806 2335 rotunditatis
828 2271 990 2357 colligens.
1019 2265 1105 2332 Mihi
1117 2267 1242 2333 incerta
1254 2267 1343 2352 hacc

216 2369 343 2434 videtur
372 2369 578 2448 coniectati0,
605 2371 692 2436 haud
716 2371 826 2460 ignoto
853 2371 1012 2456 quosdam
1037 2365 1172 2454 Alpium
1197 2367 1337 2434 vfflfices

215 2471 313 2557 longo
329 2479 433 2534 tractu
451 2491 512 2534 nec
532 2471 678 2537 breviore
701 2472 934 2561 quinquaginta
956 2471 1079 2537 milium
1099 2490 1256 2557 passuum
1277 2469 1336 2533 ad·

217 2589 360 2657 surgere.
394 2566 463 2634 Sed
483 2570 578 2658 volgo
598 2595 751 2639 maxuma
771 2572 852 2639 haec
872 2595 983 2661 pugna
1004 2581 1063 2650 est,
1087 2571 1114 2636 si
1138 2578 1282 2636 coactam
1302 2570 1338 2634 in
1353 2593 1404 2637 res

216 2670 371 2738 verticem
396 2692 552 2756 aquarum
577 2693 705 2759 quqquc
731 2669 869 2763 figuram
896 2672 1029 2741 credere
1055 2682 1198 2759 cogatur.
1234 2671 1339 2755 Atqui

216 2794 280 2838 non
306 2770 394 2838 aliud
419 2772 453 2836 in
479 2795 587 2837 rerum
614 2786 728 2840 natura
754 2777 912 2861 adspectu
940 2774 1153 2840 manifestius.
1190 2771 1339 2857 Namque

231 3034 234 3039 ,
251 2982 267 3044 §
280 2984 337 3030 161.
355 2974 499 3045 lacertarum,
511 2981 543 3030 Β.
562 3020 594 3030 ..
612 2981 706 3045 sulpic
723 2981 832 3046 inionem,
844 2986 947 3036 Robert
962 3024 991 3033 ..
1011 2980 1111 3044 cuaeth,
1124 2984 1196 3033 a²d²
1207 2978 1340 3045 (Robert.)

218 3049 304 3110 candi,
320 3047 431 3098 aaut
455 3087 486 3095 .-
509 3045 678 3108 caela1t²a²
706 3049 823 3113 Rcbert.)
850 3052 938 3103 omitt
953 3051 1108 3115 R'Ta¹d¹,
1134 3052 1207 3102 Pone
1227 3049 1341 3100 verticem
1428 3079 1431 3084 -

218 3117 297 3165 habet
308 3115 351 3177 di.
370 3153 403 3163 ..
420 3114 538 3176 verticem,
559 3129 610 3165 orn.
627 3116 658 3165 T.
678 3155 709 3164 -
728 3116 811 3178 simili,
829 3121 924 3170 RTad
941 3115 1071 3184 (Robora)
1094 3135 1124 3169 ac
1140 3115 1226 3179 simili,
1237 3112 1288 3181 βγ.
1306 3157 1339 3166 ...

219 3180 310 3243 media,
322 3183 416 3232 RTad
428 3178 560 3245 (nobem)
579 3223 610 3232 ..
628 3181 672 3232 siri
683 3192 740 3245 tam,
750 3200 801 3234 om.
813 3185 838 3236 Β
847 3187 863 3235 ¹.
883 3226 914 3235 ..
932 3205 985 3247 non,
997 3187 1093 3239 RTad
1104 3183 1235 3249 (Robcrn)
1253 3198 1299 3234 non
1311 3193 1341 3244 ct,

219 3245 248 3311 β.
267 3289 299 3297 -
316 3247 441 3310 miremur,
453 3263 477 3298 σ.
496 3289 528 3298 ..
546 3251 685 3312 renuentia,
696 3252 747 3301 R¹.
765 3291 798 3301 ..
815 3260 941 3317 tanquam,
956 3254 1061 3305 Robert.
1080 3284 1112 3303 -·
1131 3250 1269 3312 indocrhili,
1287 3250 1341 3301 Bo-

219 3318 282 3367 bcrt.
309 3357 341 3366 ..
367 3327 444 3379 terro,
464 3317 515 3368 1³¹.
542 3357 573 3367 ..
596 3317 678 3381 incoli,
694 3321 739 3370 ad.
762 3317 867 3385 ingredi,
881 3322 932 3372 3¹.
954 3321 1009 3382 coli,
1029 3321 1080 3372 3².
1107 3359 1139 3370 ..
1166 3318 1253 3384 ipraam,
1269 3320 1340 3368 R²a

221 3382 299 3501 ipaag
311 3386 353 3435 d¹.
376 3383 451 3450 ipsos,
462 3385 488 3436 Β
497 3387 534 3435 ¹6.
552 3387 614 3450 ipso,
627 3389 669 3437 d².
684 3426 716 3437 ..
733 3403 785 3450 cea,
797 3389 883 3438 R²ad
894 3386 933 3451 (in
944 3386 1051 3452 rasura.)
1070 3406 1118 3450 ceo,
1128 3386 1153 3439 R
1162 3388 1178 3436 ¹·
1194 3383 1243 3447 cui,
1260 3384 1292 3434 T.
1308 3427 1340 3434 -

221 3469 276 3571 mppr
295 3452 313 3570 it,
325 3467 392 3571 i),-
406 3453 538 3572 dabiapit,
549 3457 609 3573 Βεί.ζ
621 3452 720 3506 dubium
732 3458 774 3517 sit,
786 3449 830 3506 Od
842 3451 881 3517 (in
892 3452 1000 3518 rasura.)
1013 3495 1044 3506 -
1058 3472 1099 3518 an,
1111 3452 1128 3506 d
1139 3448 1179 3516 (m
1189 3449 1298 3515 rasura.)
1310 3495 1341 3502 -

221 3539 235 3570 c
254 3537 337 3655 §tinch
350 3562 421 3651 sicat,
429 3532 617 3652 idaiadaiiiedbi
628 3586 697 3654 quid,
705 3592 730 3641 Β
739 3591 793 3641 ¹...
804 3589 856 3640 nisi
864 3589 968 3654 iynibus,
979 3593 1005 3642 Β
1014 3593 1030 3640 ¹.
1041 3631 1073 3639 -
1083 3589 1167 3642 cisiis
1176 3588 1276 3653 spiritu,
1286 3592 1344 3640 a²d

221 3653 313 3719 (Rob.)
325 3653 376 3706 nisi
383 3655 416 3707 sit
425 3655 449 3704 in
457 3656 553 3721 spirata,
562 3659 611 3708 3².
624 3657 713 3708 omitt.
722 3658 787 3709 R'a
796 3659 812 3706 ¹.
826 3697 858 3706 ..
870 3658 912 3719 sic,
924 3660 999 3708 Rad.
1012 3658 1055 3719 da,
1067 3658 1133 3708 Rob.
1144 3652 1196 3721 βγ.
1208 3672 1343 3723 -·campo·

222 3739 331 3790 rumque,
344 3725 410 3774 aad
420 3721 514 3840 (Ziph).
528 3739 676 3805 campprum,
690 3738 715 3804 g,
732 3726 806 3804 codd.
816 3727 927 3776 chzon
938 3767 970 3774 ..
978 3724 1143 3806 Picueartaa
1153 3725 1179 3774 Β
1188 3726 1203 3772 ¹.
1214 3721 1343 3820 Dicqaar.

221 3792 326 3922 itta
336 3790 1343 3928 hil-‘ttrffitnitlimfliitillidi}tf}attis1

222 3942 277 3974 eam
293 3924 445 3978 atritadr'aaa
463 3922 815 3993 proportionc'universitatis,
832 3930 865 3979 K.
891 3962 918 3978 ·.
947 3929 1069 3990 universe,
1086 3941 1111 3977 σ.
1137 3966 1166 3976 ..
1195 3924 1344 3990 rotunditas,

223 3996 271 4044 R¹.
291 4036 322 4044 ..
340 3994 494 4058 mantano,
511 3997 563 4064 aa
590 3996 734 4059 coniectura,
746 3999 770 4047 d.
798 3995 980 4058 coniceturats'c,
991 3996 1129 4048 Carbonar.
1149 4035 1180 4043 ..
1199 4003 1248 4056 aaa,
1259 3995 1292 4045 Β.
1312 4037 1344 4045 ..

224 4059 309 4126 ignoto,
320 4064 369 4113 Βῐ.
388 4063 480 4127 ignoro,
492 4064 556 4114 ado.
574 4065 684 4128 ignaros,
696 4065 746 4119 R’.
769 4065 864 4130 ignaro,
875 4060 927 4129 βγ.
953 4054 1012 4115 vn.
1028 4063 1154 4126 Heusing.
1171 4064 1205 4112 ad
1216 4063 1344 4114 vechner.

202 4186 206 4194 .
223 4127 345 4179 hellenol.
361 4145 386 4192 p.
399 4136 457 4182 420.
474 4130 544 4182 Gort.
556 4133 589 4182 ad
600 4130 663 4183 Sall.
685 4130 742 4183 Gau
756 4136 796 4193 10,
809 4138 831 4182 5.
851 4173 882 4183 ..
900 4130 1000 4194 milium,
1017 4133 1088 4182 B¹d.
1110 4129 1190 4191 milio,
1206 4131 1254 4181 R2.
1278 4130 1364 4181 mili--

224 4191 353 4259 ascopa
372 4195 410 4247 ΙΙ
419 4195 455 4246 Μ
465 4197 481 4248 i.
494 4213 515 4248 e.
528 4200 628 4249 dnobus
637 4199 747 4260 milibus,
759 4200 857 4250 Broter.
875 4200 934 4250 Huc
945 4213 1048 4264 qnoque
1059 4199 1161 4262 respicit
1171 4198 1258 4249 Dicuil
1270 4200 1287 4248 1.
1299 4201 1317 4260 l.

240 4259 343 4322 ild&
363 4265 438 4329 culpo,
452 4266 545 4317 Sabell.
568 4307 589 4315 -
616 4268 730 4329 maxima,
746 4269 849 4318 Barbar.
867 4267 953 4319 R'2ad.
977 4267 1086 4330 maxime,
1103 4266 1198 4318 Sabell.
1210 4264 1344 4330 Rumo-
