2888 4794
199 257 240 321 42
546 276 750 325 uaruaffls
772 278 967 328 mesonma

198 426 259 492 bus
288 425 370 490 vinis
398 426 448 491 usi
477 427 609 511 antiqui.
645 427 806 496 Notabilis
833 430 917 496 circa
947 429 1128 517 apothecas.
1165 430 1218 497 De
1240 432 1316 498 vino

200 526 415 614 Opimiano¹¹.
452 526 590 610 Quando
612 529 750 615 primum
772 531 837 595 vini
859 550 915 596 1111
936 554 1056 619 genera
1077 532 1225 619 positam.
1262 532 1316 599 Ex

198 628 346 695 labrusca
374 652 452 694 usus
480 640 512 694 et
537 630 611 715 quis
623 633 645 672 ¹⁸
673 631 900 718 frigidissimus
921 643 1037 698 natura
1046 636 1070 675 ¹⁴
1097 655 1209 699 sucus,
1237 634 1315 700 Vini

198 731 304 796 fioticfi
326 753 447 818 genera
469 750 567 796 nxvl.
589 731 815 816 Hydromeli¹⁶
837 734 904 799 sive
926 735 1122 801 melicraton.
1150 733 1315 820 Oxymeli.

197 829 274 896 Vini
301 831 475 920 prodigiosi
502 855 621 919 genera
647 851 712 898 xn.
745 832 874 916 Quibus
895 835 978 900 vinis
1000 836 1042 900 ad
1064 858 1155 902 sacra
1181 836 1316 905 utinen

197 932 240 998 sit
267 933 327 998 las.
357 930 485 1015 Quibus
513 934 686 1023 generibus
714 945 822 1001 musta
850 936 1010 1002 condiant.
1039 936 1092 1004 De
1120 938 1203 1026 pice,
1233 939 1314 1004 resi-

196 1034 246 1100 nis
256 1037 290 1098 ¹⁶.
323 1033 377 1101 De
399 1044 501 1100 aceto.
536 1034 589 1101 De
611 1036 702 1103 faece
712 1039 745 1101 ¹⁷.
782 1036 836 1103 De
857 1038 943 1102 vasis
965 1036 1106 1104 unarhs.
1142 1039 1196 1106 De
1217 1039 1315 1107 cellis.

195 1135 249 1202 De
271 1134 436 1203 ebrietate.
466 1135 519 1202 Ex
540 1158 625 1222 aqua
647 1148 680 1204 st
701 1138 852 1224 frugibus
873 1138 940 1204 vini
962 1139 1028 1204 vim
1048 1139 1128 1206 fieri.
1162 1137 1314 1206 Summa:

196 1260 248 1303 res
271 1249 304 1304 et
323 1237 476 1305 historiae
498 1250 531 1303 et
552 1238 789 1306 observationes
811 1257 873 1304 nx,

237 1339 295 1404 Ex
317 1340 570 1405 Aucromsus:
601 1337 699 1406 Corn.
720 1340 901 1421 Valeriano,
923 1341 1080 1431 Vergilio,
1111 1340 1218 1421 Celso,
1249 1339 1315 1407 Ca-

198 1453 273 1507 tone
300 1441 453 1520 censorio,
481 1439 630 1507 Sasernis
656 1453 748 1529 patre
771 1455 804 1510 et
828 1443 903 1522 filio,
932 1439 1057 1522 Scrofa,
1086 1441 1136 1508 M.
1157 1441 1314 1522 Varrone,

195 1541 240 1607 D.
263 1539 387 1622 Silano,
416 1541 520 1610 Fabio
541 1542 688 1624 Pictore,
718 1544 841 1633 Trogo,
871 1544 1019 1633 Hygino,
1046 1543 1167 1611 Flacco
1188 1544 1315 1623 Verrio,

197 1641 370 1723 Graecino,
396 1643 480 1711 Iulio
501 1643 623 1726 Attico,
651 1643 838 1726 Columella,
859 1645 1022 1712 Massurio
1044 1642 1176 1725 Sabino,
1206 1645 1314 1713 Fenc-

197 1745 290 1812 stella
299 1748 334 1824 ¹⁸,
357 1733 510 1833 Tergilla,
530 1744 692 1813 Maccio¹⁹
713 1747 839 1827 Plauto,
854 1746 980 1827 Flavio,
995 1746 1188 1827 Dossen020,
1212 1743 1315 1813 Scae-

133 1903 141 1916 .
197 1848 280 1926 vola,
310 1847 406 1914 Aelio
414 1853 449 1928 ²¹,
476 1847 574 1915 Ateio
597 1846 765 1935 Capitone,
789 1846 885 1915 Cotta
906 1846 1092 1927 Messalino,
1121 1848 1162 1913 L.
1185 1847 1315 1929 Pisone,

196 1947 350 2035 Pompeio
371 1947 514 2028 Lenaeo,
536 1948 693 2030 Fabiano,
717 1947 830 2017 Sextio
851 1949 964 2040 Nigro,
986 1949 1084 2016 Vibio
1093 1952 1119 1992 ²²
1139 1948 1228 2017 Rut’o
1238 1953 1273 2015 ²⁸.

238 2049 440 2116 Exumsrus:
474 2051 630 2130 Hesiod0,
656 2051 888 2139 Theophrasto,
910 2051 1096 2129 Aristotele,
1116 2049 1314 2129 Democrito,

196 2149 341 2217 Hierone
362 2173 455 2238 rege,
484 2151 596 2217 Attalo
606 2156 631 2193 ²4
651 2151 868 2218 Philometore
889 2175 984 2239 rege,
1007 2151 1171 2238 Archyta,
1199 2150 1315 2218 Xeno·

197 2250 327 2338 phonte,
352 2251 565 2338 Amphilocho
580 2250 761 2333 Athenaeo,
777 2254 952 2341 Anaxipoli
966 2253 1096 2344 Thasio,
1117 2251 1317 2340 Apollodoro

197 2351 345 2431 Lemnio,
368 2352 586 2439 Aristophane
605 2351 746 2433 Milesio,
768 2354 935 2441 Antigono
957 2352 1111 2440 Cymaeo,
1133 2352 1317 2442 Agathocle

199 2450 301 2533 Chio,
327 2453 500 2540 Apollonio
527 2452 744 2543 Pergameno,
765 2453 960 2522 Aristandro
980 2453 1168 2535 Athenaeo,
1194 2454 1318 2541 Botrys

198 2555 293 2635 item,
316 2554 456 2621 Bacchio
477 2553 617 2636 Milesio,
638 2555 741 2623 Bione
763 2554 908 2636 Solense,
939 2554 1085 2624 Chaerea
1106 2556 1317 2636 Atheniense,

200 2655 403 2724 Chaeristo2⁶
417 2658 505 2737 item,
527 2656 671 2726 Diodoro
692 2658 860 2738 Prienaeo,
882 2657 990 2724 Dione
1005 2656 1214 2746 Colophonio,
1235 2658 1317 2746 Epi-

198 2758 282 2849 gene
302 2759 442 2839 Rhodio,
476 2758 632 2850 Euagone
653 2760 788 2841 Thasio,
820 2760 1009 2848 Euphronio
1030 2758 1216 2842 Athenaeo,
1245 2760 1317 2824 An-

199 2863 344 2929 drotione
372 2863 494 2947 quide
522 2861 719 2949 agricultura
745 2862 888 2950 scripsit,
919 2860 1119 2928 Aeschrione
1147 2861 1203 2948 qui
1228 2861 1316 2939 item,

198 2964 394 3055 Lysimacho
417 2962 473 3051 qui
493 2964 580 3043 item,
602 2963 761 3049 Dionysio
776 2965 830 3049 qui
844 2962 1020 3052 Magonem
1042 2963 1215 3043 transtulit,
1235 2961 1318 3030 Dio·

199 3067 305 3156 phane
320 3065 376 3149 qui
391 3087 433 3130 ex
446 3062 605 3148 Dionysio
620 3065 814 3153 epitomen²⁶
829 3064 917 3145 fecit,
938 3063 1134 3152 Asclepiade
1148 3064 1272 3132 medico
1281 3067 1318 3143 ²⁷,

202 3166 395 3248 Onesicrito,
418 3165 502 3232 Iuba
523 3188 610 3254 rege.

237 3319 277 3364 11.
295 3310 459 3364 Notaoitia-
471 3310 607 3377 opimiano,
619 3310 672 3362 To.
684 3310 773 3363 Omitt.
786 3312 844 3374 Ra3
856 3318 883 3360 at
893 3311 943 3361 vid,
952 3317 1006 3359 not.
1019 3313 1041 3360 t.
1074 3307 1211 3374 rapoto,
1223 3306 1320 3356 omittit

202 3396 225 3433 a
256 3387 295 3431 13.
308 3380 403 3445 etquis,
415 3379 486 3430 dael
503 3380 565 3445 qaas,
577 3379 608 3431 T.
627 3379 745 3444 quisquis,
765 3381 819 3431 Ra
846 3384 886 3429 14.
903 3386 1014 3439 amarae,
1030 3377 1083 3428 Ra.
1107 3382 1147 3427 15.
1165 3372 1321 3443 deromelip

202 3450 263 3500 huic
275 3450 332 3498 voci
344 3449 479 3499 subiiciunt
490 3449 540 3499 sive
548 3447 677 3514 pomelicen
687 3448 719 3499 B.
731 3447 782 3498 sios
793 3445 943 3513 apomelicsn,
956 3447 999 3496 ad.
1012 3444 1063 3495 sica
1074 3442 1183 3510 apomeli,
1195 3442 1227 3493 T.
1247 3447 1286 3491 16.
1299 3449 1322 3490 et

202 3517 296 3579 roano,
314 3518 345 3567 T.
382 3521 421 3568 17.
438 3517 479 3568 De
495 3525 567 3567 aceto.
589 3517 631 3567 De
639 3516 723 3580 faece,
745 3529 814 3580 ponc
830 3514 933 3565 vinariis
948 3514 1079 3563 collocant
1093 3513 1146 3564 Ro.
1182 3516 1222 3560 18.
1244 3510 1321 3560 Fene·

202 3586 286 3647 stella,
308 3586 403 3634 omittit
418 3601 440 3634 a.
482 3590 521 3634 19.
538 3585 647 3644 Maecio,
668 3600 691 3634 s..
718 3583 755 3634 M.
772 3583 859 3644 Accio,
878 3581 962 3632 RTd.
988 3581 1049 3631 Vid.
1074 3579 1199 3631 Ritschel.
1222 3591 1320 3642 parerg.

203 3655 313 3705 Plautia.
332 3653 352 3701 I.
370 3668 395 3716 p.
413 3659 436 3702 9.
455 3668 522 3716 sqq,
545 3653 714 3717 praecipuep.
733 3656 773 3701 39.
818 3656 859 3699 20.
874 3650 1006 3711 Dosseno,
1019 3648 1103 3700 RTd.
1136 3645 1272 3705 Dorsinoo,
1298 3660 1320 3694 a.

204 3728 245 3773 21.
257 3721 335 3783 Aelio,
348 3721 379 3770 T.
398 3718 495 3781 Hacb'o,
507 3722 532 3770 R
542 3723 576 3770 ¹a.
594 3718 688 3780 Laelio,
700 3719 749 3768 Re
767 3717 844 3779 Lelio,
857 3718 880 3767 d.
913 3723 953 3768 22.
970 3717 1052 3777 Baio,
1065 3717 1135 3766 Ru.
1163 3719 1207 3769 2³.
1223 3711 1322 3776 Rufino,

204 3791 236 3840 lt.
252 3791 293 3840 Ita
303 3791 354 3838 iam
365 3788 470 3840 Barbar.
512 3794 552 3838 at.
570 3786 754 3847 Attalallard.
778 3785 860 3836 Attalo
877 3802 943 3852 repe,
959 3785 1073 3854 Ruso„
1101 3788 1142 3833 25.
1165 3779 1282 3840 Cleristo,
1299 3795 1322 3829 a.
1389 3807 1398 3817 -

209 3855 325 3919 Oberesto,
338 3858 369 3906 R.
405 3861 445 3906 26.
464 3855 656 3920 epitomen,RT.
674 3854 817 3918 epitomas.
836 3853 1011 3918 sophismae.
1052 3855 1092 3902 21.
1111 3849 1214 3910 medico,
1231 3864 1254 3898 a.
1276 3863 1323 3896 ms·

206 3924 266 3986 daco,
287 3924 439 3975 Erasistrato
460 3924 504 3988 qui
523 3924 584 3984 ium,
614 3919 727 3973 &accde
756 3917 913 3981 (Commiade,
935 3917 993 3983 Td)
1020 3921 1061 3984 qui
1080 3918 1110 3970 de
1129 3915 1257 3968 conditura
1276 3915 1326 3965 viai

206 3992 311 4055 scripsit,
328 3992 492 4042 Aristomache
510 3990 555 4055 qui
568 3990 629 4051 item,
644 3988 734 4041 Icsssio
751 3985 868 4050 (Hicesio,
885 3986 914 4051 d)
932 3988 976 4051 qai
990 3988 1050 4048 bem,
1072 3987 1211 4038 tamam
1226 3983 1324 4042 medaha

206 4059 288 4108 RTd.
307 4059 358 4110 Sed
369 4060 487 4109 ultimum
498 4073 593 4108 nomen
605 4058 686 4108 omitt.
699 4057 753 4118 Τὰ,
771 4058 940 4120 penultimum
954 4070 1005 4104 om.
1018 4054 1049 4105 T.
1074 4053 1195 4106 Ceterum
1215 4052 1280 4102 haec
1291 4064 1325 4103 ex

208 4125 290 4175 indice
301 4126 359 4176 libri
371 4128 497 4190 sequentis
509 4141 554 4190 per
564 4140 674 4176 errorem
681 4125 844 4175 ,librariorum
856 4125 908 4175 huc
918 4123 1065 4186 migrarunt.

242 4194 286 4243 Ad
297 4193 404 4242 indicem
415 4194 472 4244 libn'
485 4194 544 4244 XV.
556 4194 652 4243 contuli
664 4192 717 4243 RT
724 4194 768 4242 ad.

245 4267 266 4310 1.
290 4268 399 4321 amarae,
420 4261 472 4311 Tu.
499 4269 597 4326 amora,
616 4260 668 4311 Rs.
712 4265 735 4309 2.
759 4260 957 4324 cooperiamus,
978 4258 1029 4308 Ra
1056 4275 1107 4308 esse
1126 4255 1250 4321 coeperint,
1272 4253 1326 4304 Td.
