2888 4794
187 283 254 351 30.
535 300 739 348 nsrnnsnrs
762 301 957 349 rnsronrsn

186 454 290 542 gestio
311 453 450 539 piscium
471 454 504 517 in
524 453 645 541 figuras
666 454 818 538 corporis.
841 453 1062 519 Rhomborum
1085 468 1118 520 et
1139 479 1307 542 passerum

186 555 410 621 differentia²⁸.
433 555 486 621 De
501 557 605 643 longis
622 556 810 640 piscibus⁹⁴.
833 554 886 621 De
908 558 1045 642 piscium
1064 559 1171 643 pinnis
1194 572 1227 625 et
1247 585 1306 625 na·

187 657 311 721 tandi²⁶
332 658 461 722 ratione.
485 657 668 745 Anguillae.
696 657 862 722 Murenae.
891 658 1066 724 Planorum
1086 660 1224 745 piscium
1246 685 1306 749 ge-

187 780 273 822 nera.
313 758 508 824 theneis²6
538 770 571 824 et
599 759 754 824 veneficia
783 762 894 824 eiusffl.
938 759 1003 840 Qui
1032 762 1138 847 pisces
1169 764 1306 828 colorem

184 871 317 924 mutent.
340 859 393 924 De
407 860 589 925 hirundine.
612 859 665 925 De
686 861 776 946 pisce
800 862 854 944 qui
876 861 1023 926 noctibus
1045 863 1140 928 lueet.
1164 862 1217 928 De
1233 887 1304 929 cor-

184 973 272 1026 nuto.
295 962 348 1026 De
371 963 509 1027 dracone
531 963 662 1027 marino.
693 962 746 1027 De
768 963 911 1048 piscibus
934 965 1089 1051 sanguine
1111 966 1303 1031 carentibus.

185 1061 253 1143 Qui
268 1065 407 1149 piscium
420 1066 532 1130 molles
547 1065 757 1150 appellentur.
785 1065 839 1129 De
855 1066 971 1150 saepia.
1003 1063 1069 1146 Qui
1084 1077 1176 1130 extra
1190 1089 1305 1149 aquam

183 1168 318 1233 volitent
326 1175 363 1232 ²⁸.
376 1167 429 1232 De
442 1168 594 1255 lolligine.
606 1167 660 1232 De
665 1169 879 1253 pectunculis.
892 1167 945 1232 De
959 1169 1097 1254 polypis.
1109 1167 1163 1232 De
1170 1169 1303 1255 naviga-

183 1280 252 1334 tore
263 1270 395 1355 polypo.
412 1269 465 1334 De
476 1270 665 1357 navigatore
678 1271 817 1355 nauplio.
830 1267 950 1334 Crusta
959 1271 1080 1336 intecti.
1096 1270 1149 1335 De
1159 1271 1302 1335 locustis.

182 1369 380 1436 Oancrorum
391 1394 518 1459 genera.
530 1370 583 1435 De
594 1372 782 1456 pinnothere
792 1377 825 1437 2⁹.
840 1373 893 1437 De
906 1375 1036 1438 echinis.
1048 1373 1101 1438 De
1111 1374 1237 1438 eccleis.
1249 1372 1303 1437 De

182 1474 373 1559 pectinibus.
394 1471 597 1538 Concharum
609 1477 771 1560 generat).
791 1472 922 1555 Quanta
932 1476 1078 1541 luxuriae
1089 1475 1222 1540 materia
1233 1497 1301 1540 ma·

182 1576 263 1641 risit
271 1579 305 1640 ⁸1.
325 1574 378 1640 De
389 1576 579 1663 margaritis.
601 1573 771 1656 Quomodo
782 1587 955 1641 nascantur
963 1580 988 1619 θ’)
1000 1587 1033 1642 et
1043 1578 1108 1643 ubi.
1130 1575 1300 1658 Quomodo

183 1678 387 1743 inveniantur
395 1681 429 1742 ³³.
450 1675 543 1758 Quae
560 1700 679 1765 genera
695 1679 858 1743 unionum.
876 1677 974 1758 Quae¹
980 1679 1180 1744 observanda
1190 1680 1224 1744 in
1240 1679 1299 1744 his.

183 1777 275 1860 Quae
296 1789 411 1844 natura
432 1801 551 1844 eorum.
576 1778 736 1864 Exempla
758 1780 844 1845 circa
865 1799 930 1844 eos.
954 1777 1094 1860 Quando
1115 1781 1254 1867 primum
1267 1781 1302 1845 in

181 1905 275 1946 usum
287 1882 434 1947 venerint
442 1883 467 1923 ⁸4
477 1880 610 1946 Romae.
624 1878 789 1946 Murioum
800 1892 942 1946 naturae.
958 1881 1011 1946 De
1022 1883 1183 1968 purpuris.
1208 1881 1309 1971 Quae.

180 1984 325 2048 nationes
335 2005 497 2069 purpurae
507 1990 544 2048 ³⁵.
558 1982 728 2063 Quomodo
736 2005 777 2047 ex
787 1982 837 2047 his
848 1984 1147 2070 lanae'tinguantur.
1161 1983 1301 2064 Quando

181 2107 343 2171 purpurae
365 2107 443 2149 usus
464 2084 601 2162 Romae,
633 2085 760 2167 quando
781 2085 838 2149 lati
861 2085 942 2149 olavi
965 2093 997 2149 et
1018 2096 1213 2171 praetextae.
1247 2084 1300 2148 De

182 2186 390 2269 conchyliatis
417 2184 571 2250 vestibus.
605 2184 658 2250 De
685 2186 865 2270 amethysto
893 2187 1078 2274 tinguendo,
1112 2185 1165 2251 De
1188 2186 1298 2270 Tyrio.

181 2286 234 2352 De
254 2286 393 2374 hysgino
402 2289 436 2350 ³⁶.
459 2285 512 2350 De
527 2307 633 2351 cocco.
656 2285 710 2349 De
731 2286 830 2372 pinna
852 2298 885 2351 et
905 2287 1103 2372 pinnothere.
1125 2286 1179 2352 De
1201 2302 1300 2352 sensu

181 2389 376 2474 aquatilium.
394 2387 554 2472 Torped0‚
566 2389 739 2473 pastinaca,
753 2389 991 2474 scolopendrae,
1004 2390 1117 2478 glanis.
1135 2388 1188 2453 De
1200 2390 1300 2455 ariete

179 2492 279 2578 pisce.
312 2490 366 2555 De
394 2489 444 2553 his
474 2511 556 2573 quae
585 2490 711 2554 tertiam
739 2501 884 2555 naturam
910 2491 1030 2556 habent
1056 2492 1238 2558 animalium
1266 2502 1300 2556 et

180 2593 343 2658 fruticum.
376 2591 429 2656 De
451 2591 572 2656 urticis.
609 2591 663 2656 De
686 2593 838 2680 spongeis
845 2618 854 2670 3
889 2614 971 2676 quae
994 2615 1113 2680 genera
1135 2616 1244 2658 earum
1265 2605 1302 2658 et

179 2695 236 2762 ubi
256 2705 444 2774 nascantur3
472 2695 589 2760 animal
612 2680 683 2761 esse
706 2717 769 2761 eas.
800 2694 854 2760 De
876 2695 1037 2759 caniculis.
1068 2694 1122 2760 De
1144 2695 1194 2760 his
1216 2719 1298 2780 quae

181 2799 290 2866 silicea
317 2801 432 2865 testa³⁷
460 2798 633 2864 cluduntur
641 2800 676 2862 ³⁸.
711 2795 805 2878 Quae
832 2797 901 2862 sine
930 2819 1026 2861 sensu
1052 2799 1118 2863 ullo
1143 2798 1176 2861 in
1204 2799 1294 2862 mari.

178 2901 232 2967 De
253 2900 386 2984 reliquis
408 2899 549 2963 sordium
570 2899 768 2964 animalibus.
805 2897 859 2963 De
880 2899 1045 2963 venenatis
1066 2899 1207 2964 marinis.
1243 2898 1297 2963 De

178 2998 298 3068 morbis
314 3001 460 3087 piscium.
480 3000 534 3065 De
545 3001 750 3087 generatione
768 3022 886 3065 eorum.
907 2998 994 3064 Mira
1009 3002 1252 3088 generationum
1259 3004 1295 3064 ³⁹.

182 3105 249 3187 Qui
275 3106 359 3169 intra
386 3125 420 3168 se
449 3105 514 3166 et4⁰
536 3125 598 3167 ova
617 3103 743 3188 pariant
766 3113 798 3167 et
819 3103 943 3168 animal.
979 3102 1126 3184 Quorum
1146 3103 1179 3167 in
1201 3113 1296 3189 partu

180 3216 348 3292 rumpatur
361 3213 484 3282 venter,
513 3205 703 3270 deinooeat.
742 3202 808 3285 Qui
829 3206 940 3272 volvas
960 3205 1108 3271 habeant.
1146 3203 1212 3286 Qui
1232 3206 1296 3291 ipsi

213 3461 254 3506 23.
267 3452 424 3504 Rhomborum
434 3489 468 3497 -
479 3451 617 3515 dzfflrentm
628 3449 694 3500 infra
705 3464 773 3514 pone
779 3450 880 3514 piscium
892 3466 981 3515 pervers
996 3449 1125 3499 collocant
1133 3449 1184 3499 Ra.
1201 3450 1242 3497 24.
1254 3447 1295 3498 De

178 3523 253 3590 lippis
269 3522 375 3587 piscibus
396 3533 464 3583 pone
484 3521 575 3569 radone
596 3521 724 3568 collocant
744 3520 795 3569 Ra.
832 3523 872 3567 25.
891 3518 1001 3578 meandi,
1017 3534 1040 3566 a.
1076 3524 1117 3567 26.
1131 3516 1245 3575 actiacos,
1263 3516 1295 3565 Τ.

83 3573 89 3586 .
179 3591 347 3652 celiniam.
365 3585 514 3648 ecdiciae.
551 3591 591 3637 27.
609 3585 818 3650 estimatione.
832 3584 1033 3649 etseltuoeerius,
1046 3586 1078 3634 R.
1091 3584 1256 3649 etsemetriua
1269 3585 1293 3632 d.
1326 3631 1329 3635 ,

179 3670 201 3710 et
211 3660 307 3724 affictio
319 3658 376 3717 eius,
387 3657 412 3706 R
425 3657 456 3703 ad
468 3655 616 3716 marginem.
635 3654 737 3704 Omittit
748 3654 779 3703 T.
816 3658 856 3702 28.
878 3650 926 3708 Qui
936 3662 1005 3702 extro
1021 3670 1110 3715 aquom
1123 3652 1223 3711 volitent,
1241 3652 1294 3701 Td.

182 3727 230 3785 Qvi
241 3727 316 3777 volent
327 3733 396 3774 extra
408 3739 504 3785 aquam,
515 3723 567 3783 Ra,
580 3723 623 3784 qui
635 3736 704 3784 pone
712 3721 856 3786 perornantis
869 3721 1005 3770 collocant.
1042 3726 1082 3770 23.
1100 3720 1141 3770 De
1149 3719 1294 3784 pinnothere,

178 3796 332 3846 Harduinus.
350 3790 546 3856 Democratem,
562 3792 615 3841 Τά.
634 3789 762 3839 Omittunt
777 3791 828 3840 Ra.
864 3795 904 3838 30,
917 3788 957 3837 De
970 3785 1202 3854 echinissspenera,
1219 3787 1294 3835 omit-

178 3870 235 3913 tunt
246 3865 297 3914 Ra.
334 3858 452 3911 31.mori
462 3860 499 3918 sit,
511 3860 583 3907 Rad.
596 3858 620 3907 in
632 3859 696 3907 mori
706 3858 743 3918 sit,
755 3858 786 3906 T.
822 3862 863 3906 32.
876 3866 1045 3918 nascentiae.
1081 3862 1122 3905 33.
1139 3855 1294 3915 investiantur,

178 3932 269 3981 Radr.
305 3936 345 3978 34.
359 3929 382 3977 in
393 3944 438 3977 aso
449 3934 566 3987 venerunt,
574 3928 626 3977 Ra.
662 3930 702 3974 35.
720 3923 787 3981 Quae
796 3925 901 3974 autimas
907 3941 1030 3990 purpurae
1041 3938 1109 3987 pone
1120 3923 1223 3973 omnbus
1239 3922 1293 3970 ool-

178 3998 266 4047 locant
281 3997 382 4047 RTad.
401 3993 551 4045 Emendavit
567 3993 720 4045 Harduinus.
757 3999 797 4042 36.
814 3993 919 4058 aclyno,
935 3993 967 4042 Τ.
988 3993 1081 4057 sciprio,
1103 3992 1156 4041 Rd.
1173 4007 1251 4056 scyno,
1270 4006 1292 4038 a.

179 4068 220 4116 37.
233 4063 338 4114 siliceum
349 4064 506 4123 arramato.
533 4068 574 4112 38.
587 4061 784 4122 cluduntur,Td.
803 4061 999 4120 elementalis.
1026 4064 1067 4108 39.
1080 4057 1151 4108 Mira
1161 4058 1294 4123 perterritio-

178 4149 241 4192 nem,
257 4132 336 4181 RTa.
354 4129 455 4180 Omittit
472 4132 495 4179 d.
532 4135 572 4180 40.
591 4130 804 4191 eanonicam
820 4129 871 4178 Td.
889 4129 920 4176 In
938 4143 953 4175 a
969 4127 1068 4176 lacuna.
1104 4125 1206 4190 41.·ipsi
1216 4141 1250 4186 se,
1262 4126 1293 4175 R.

178 4201 244 4264 ipsis,
257 4200 309 4249 Τὰ.
320 4195 379 4246 Hoc
389 4197 483 4246 lemma
495 4197 590 4247 omittit
601 4212 623 4246 a.
660 4203 700 4267 42.
717 4194 777 4252 Quis
785 4197 878 4261 primm
891 4195 988 4246 macria
997 4218 1030 4239 -.*
1037 4195 1135 4258 piscium
1147 4193 1247 4243 cicada
1257 4194 1294 4242 ia-
