2888 4794
444 312 515 358 nin.
532 311 569 358 11.
601 311 679 357 cnr.
696 310 757 356 vu.
789 309 887 357 saon.
904 315 922 356 ⁵.
1186 293 1248 357 109

128 466 163 530 in
184 465 327 553 auguriis
349 473 566 529 sternumenta
587 473 620 528 et
640 463 832 528 offensiones
853 463 983 548 pedum.
1013 461 1116 528 Divos
1130 461 1249 549 Augu·

130 579 199 632 stus
221 565 364 652 prodidit
384 567 509 631 laevom
530 564 591 630 sibi
606 565 749 630 oaleeum
764 574 969 649 praepostere
984 563 1162 640 inductum,
1185 584 1250 648 quo

130 668 183 733 die
206 667 364 733 seditione
384 667 513 734 militari
534 686 636 751 prope
658 663 806 729 adflictus
829 675 888 729 est.
936 662 1031 752 Quae
1053 665 1179 752 singula
1199 666 1250 730 in-
1264 686 1298 730 es

129 768 310 856 providam·
320 767 747 843 mortalitateminvolvont,
770 766 872 830 solum
887 776 924 830 ut
937 765 1022 830 inter
1035 766 1097 830 ista
1111 766 1164 829 vel
1180 787 1251 830 eer-

131 884 200 936 tum
222 871 284 947 sit,
305 868 385 934 nihil
408 890 478 933 esse
501 868 579 935 oerti
600 888 661 932 neo
683 867 856 951 quiequam
877 866 1024 932 miserius
1046 865 1173 930 homine
1196 876 1253 930 aut

131 972 311 1060 superbius.
350 968 476 1036 Ceteris
505 969 625 1055 quippe
647 968 857 1033 animantium
879 969 947 1034 sola
967 967 1072 1033 vietus
1094 990 1171 1031 eura
1192 977 1251 1046 est,

130 1073 251 1157 inquo
279 1083 393 1157 sponte
421 1082 555 1136 naturae
582 1070 766 1157 benignitas
792 1069 933 1149 suffieit,
961 1091 1026 1134 uno
1049 1069 1179 1153 quidem
1199 1069 1253 1135 vel

40 1204 51 1219 κ
131 1173 347 1260 praeferenda
360 1173 484 1238 eunetis
498 1171 601 1250 bonis,
624 1171 712 1255 quod
726 1171 768 1236 de
782 1171 895 1260 gloria,
919 1171 959 1236 de
981 1171 1127 1256 pecunia,
1150 1171 1252 1236 ambi·

132 1274 219 1340 tione
248 1296 409 1359 superque
431 1274 472 1338 de
498 1282 599 1338 morte
625 1295 690 1337 non
713 1274 864 1361 cogitant.
904 1272 1028 1338 Verum
1049 1272 1083 1337 in
1103 1271 1153 1337 his
1176 1273 1253 1338 deos
1267 1293 1300 1337 aa

131 1398 228 1465 egere
243 1398 354 1441 euram
367 1397 475 1440 rerum
495 1375 707 1440 humanarum
728 1374 817 1438 aredi
839 1395 881 1439 ex
902 1395 964 1438 usu
985 1373 1070 1438 vitae
1092 1384 1152 1452 est,
1174 1396 1253 1460 poe·

78 1483 84 1488 '
131 1498 254 1561 uaeque
268 1476 433 1541 maleficiis
447 1476 619 1562 aliquando
633 1497 723 1541 seras
737 1486 896 1561 oeeupato
910 1475 972 1539 deo
992 1475 1026 1539 in
1048 1485 1138 1540 tante
1157 1475 1253 1554 mole,

132 1600 308 1664 numquam
329 1588 437 1642 autem
458 1577 572 1642 imitas
593 1599 682 1656 esse,
705 1599 765 1643 neo
786 1577 859 1643 ideo
880 1599 1072 1664 proxumum
1094 1576 1139 1642 illi
1161 1577 1251 1665 geni-

134 1689 202 1746 tum
222 1678 383 1744 hominem
404 1688 442 1742 ut
462 1677 586 1744 vilitate
600 1679 691 1745 iuxta
705 1678 818 1744 beluas
833 1688 929 1743 esset.
958 1676 1162 1764 Inperfectae
1176 1699 1255 1743 vero

19 1770 25 1777 ⁴
132 1780 166 1845 in
187 1779 314 1846 homine
335 1791 468 1860 neumae
489 1778 664 1865 praecipua
685 1779 808 1857 solatia,
831 1801 872 1843 ne
887 1778 983 1843 deum
1006 1779 1137 1863 quidem
1158 1801 1255 1864 posse

133 1880 249 1947 omnia.
282 1879 430 1967 Namque
444 1903 504 1949 neo
522 1880 583 1947 sibi
605 1891 713 1965 potest
733 1890 869 1945 mortem
891 1879 1100 1959 eonseiseere,
1124 1878 1151 1944 si
1165 1879 1253 1959 velit,
1268 1899 1301 1944 ar

135 1981 223 2067 quod
234 1981 355 2047 homini
369 1981 460 2049 dedit
478 1992 645 2067 optumum
667 1981 701 2045 in
723 1982 819 2046 tantis
840 1980 925 2046 vitae
947 1980 1071 2066 poenis,
1093 2003 1154 2047 neo
1167 1978 1254 2047 morl

134 2083 208 2151 talis
233 2085 422 2149 aeternitate
450 2084 569 2149 donare
594 2094 650 2148 eut
671 2104 823 2149 revocare
844 2082 1036 2161 defunctos,
1064 2104 1124 2148 nee
1146 2082 1255 2149 faeere

134 2197 171 2251 ut
199 2183 255 2270 qui
284 2184 367 2250 vixit
391 2205 455 2250 non
477 2184 615 2264 vixerit,
643 2184 699 2269 qui
726 2183 864 2250 honores
890 2184 992 2273 gessit
1017 2206 1081 2249 non
1106 2185 1254 2272 gesserit,

135 2286 320 2370 nullumque
346 2285 465 2352 habere
491 2287 526 2352 in
553 2288 728 2373 praeterita
753 2287 804 2352 ius
832 2298 1058 2372 praeterquam
1086 2285 1256 2353 oblivionis

135 2467 235 2523 ruptam
251 2459 343 2522 habeo,
361 2477 419 2527 eum
431 2479 484 2512 aare
495 2477 634 2527 numquam
650 2464 758 2526 prodeo
776 2462 916 2512 existimari
927 2462 1020 2525 possit,
1041 2463 1111 2526 quod
1127 2463 1179 2512 iam
1192 2461 1256 2512 Ges-

134 2541 186 2576 ner.
198 2527 306 2578 sensisse
316 2529 422 2578 ridetur.
440 2528 606 2580 Seribendum
623 2538 662 2580 ert
671 2530 745 2592 bern
762 2531 829 2579 unde
840 2545 895 2579 tore
908 2537 934 2578 et
944 2530 1010 2580 Fors
1025 2530 1127 2594 egregie
1144 2530 1191 2579 eibi
1203 2530 1262 2584 iam.

134 2603 305 2658 opponuntur,
317 2596 376 2646 ooll.
389 2594 403 2655 §
416 2601 457 2647 21.
474 2594 578 2646 Invenit
594 2636 619 2644 -
635 2605 708 2647 aeret.
731 2597 791 2646 Vid.
803 2596 920 2646 Lambin.
932 2599 966 2646 ad
976 2596 1039 2648 Hor.
1050 2597 1104 2648 Sat.
1117 2597 1138 2646 Ι.
1150 2602 1173 2660 1,
1186 2603 1209 2647 2.
1223 2638 1255 2646 -

136 2660 279 2728 arripnant,
294 2663 325 2713 P.
344 2703 375 2712 ..
394 2671 418 2713 et
434 2661 565 2724 nascendi,
582 2679 600 2728 p
616 2660 748 2725 (Robert.)
772 2702 794 2712 -
817 2679 938 2725 anquam,
956 2678 1006 2713 om.
1017 2681 1037 2713 r.
1056 2703 1088 2713 ..
1107 2661 1153 2714 deo
1172 2661 1256 2714 deere-

135 2738 191 2790 tnm,
209 2729 296 2793 abdg.
320 2727 362 2780 dei
374 2729 477 2793 decreto,
499 2729 586 2795 PSpr
600 2726 730 2792 (Robert.)
758 2771 782 2779 -
809 2730 885 2780 atium
902 2728 983 2792 daur,
999 2732 1047 2782 Τσ.
1075 2731 1145 2781 otutm
1161 2731 1256 2794 datan,

136 2811 243 2878 Pabgp
261 2811 392 2877 (Robert)
408 2809 458 2880 βγ.
481 2816 554 2865 odem
570 2806 624 2875 dat,
641 2816 665 2864 d.
689 2815 738 2864 otr'o
756 2810 824 2874 dato,
841 2828 861 2862 r.
880 2809 967 2864 datam
979 2824 1060 2879 putat,
1073 2815 1186 2877 Gesner,
1203 2831 1255 2879 quo

136 2882 238 2944 quidem
246 2884 418 2933 additamento
431 2897 496 2946 opus
508 2890 561 2932 erat
572 2883 599 2931 in
610 2882 734 2946 scriptura
743 2881 856 2944 vulgata,
868 2897 937 2932 nune
947 2898 1000 2932 non
1011 2884 1121 2947 emplius
1133 2898 1197 2948 opus
1209 2892 1256 2934 est.

169 2947 184 3009 5
197 2955 237 3000 24.
251 2949 367 3000 eruditum
379 2949 467 3016 valpm
477 2958 501 2999 et
510 2946 579 3011 rade,
587 2950 717 3014 Pabdgp
729 2944 862 3011 (Robert.)
873 2947 964 3002 eruditi
972 2959 996 3002 et
1004 2951 1064 3002 rude
1077 2951 1172 3018 eatque
1183 2943 1212 3000 θ.
1223 2990 1255 3000 ..

136 3034 173 3078 sa,
189 3017 219 3067 Ρ.
238 3059 269 3068 -
288 3015 340 3068 Sed
354 3032 415 3081 ecee,
431 3033 455 3066 r:
470 3057 502 3067 -
521 3017 593 3066 etiarn
606 3034 703 3082 parva,
720 3018 833 3083 abdgp.
860 3019 942 3084 impia,
957 3020 987 3070 P.
1010 3060 1035 3069 ..
1056 3021 1088 3081 in,
1106 3034 1156 3070 om.
1174 3019 1203 3069 P.
1223 3060 1255 3069 .-

135 3094 303 3147 sternumenta,
315 3087 456 3149 Tabdgp.
474 3091 668 3145 sternutamenta,
680 3085 703 3134 P
715 3081 846 3147 (Robert.)
857 3081 887 3147 β.
906 3128 938 3136 -
953 3085 1064 3153 prodidit
1075 3087 1176 3148 laevam,
1189 3087 1255 3138 abd.
1341 3130 1349 3139 ..

135 3152 228 3203 tawunr
237 3153 353 3218 prodidit,
361 3153 428 3218 ng
440 3149 571 3216 (Robert.)
581 3147 633 3218 βγ.
653 3193 684 3200 -
703 3152 827 3214 inducunt,
839 3154 943 3205 Barbar.
956 3155 1015 3206 abd
1019 3171 1059 3221 gp
1071 3152 1201 3218 (Robert.)
1219 3155 1255 3206 r'n·

135 3218 349 3282 evanuere.
368 3261 399 3270 -
418 3218 576 3282 asenneus,
589 3222 613 3268 a.

169 3286 184 3348 i
197 3293 237 3338 25.
256 3287 464 3350 immortalitatem,
475 3290 505 3339 P.
520 3329 550 3337 ..
563 3288 608 3348 vet,
619 3286 728 3350 Pebgp
739 3283 832 3350 (Rob.)
851 3289 939 3339 Omitt.
952 3291 968 3339 d
973 3284 996 3351 β
999 3304 1036 3355 γ.
1052 3290 1097 3341 Vei
1106 3307 1164 3342 oum
1176 3294 1256 3355 gradu

136 3356 247 3419 positivo
259 3357 329 3406 hand
340 3371 398 3406 raro
410 3356 596 3419 iungitPlinius
608 3357 640 3405 ed
651 3355 831 3404 intendendam
844 3356 997 3418 orationem
1008 3359 1058 3407 vid.
1072 3363 1119 3420 1⁷,
1127 3364 1183 3409 121.
1198 3363 1255 3410 137.

138 3427 178 3483 la,
191 3429 213 3472 1.
226 3429 266 3486 24,
281 3428 337 3473 131.
350 3429 390 3484 28,
403 3428 444 3472 49.
464 3422 555 3484 snit,
566 3425 596 3473 P.
616 3463 646 3471 -
665 3438 714 3482 nec,
728 3435 778 3470 om.
790 3422 819 3471 Ρ.
840 3462 871 3471 ..
889 3423 1017 3487 quiequam
1032 3425 1152 3486 maenius,
1165 3427 1255 3490 abdg.

135 3488 249 3545 maenae
260 3488 400 3552 quiequam,
410 3491 455 3552 Pp
471 3486 603 3552 (Robert.)
614 3485 665 3555 βγ.
684 3486 804 3548 materiae,
816 3489 921 3539 Robert.
941 3530 972 3539 -
991 3500 1044 3553 ant,
1061 3506 1112 3543 om.
1124 3494 1160 3543 ε’.
1184 3501 1207 3542 et
1218 3500 1256 3542 ta·

136 3570 197 3616 nen,
209 3555 354 3625 Heumann.
367 3572 408 3621 ap.
421 3555 525 3608 Gesner.
541 3598 567 3606 -
593 3553 692 3619 Ceteriq
705 3571 755 3606 om.
769 3557 809 3606 a¹.
829 3598 860 3606 -
876 3556 1053 3622 praeferenda,
1068 3553 1256 3624 degrssto-

135 3619 212 3684 bert.)
228 3623 401 3688 praeferendo,
423 3625 534 3676 Pintian.
557 3620 671 3691 abpssy.
695 3666 719 3673 -
738 3625 859 3690 monia,
876 3626 966 3690 abdg.
980 3626 1109 3692 pecuniae,
1126 3629 1170 3692 Pp
1188 3624 1256 3688 (Ro-

137 3689 214 3755 bert.)
234 3732 265 3741 -
283 3708 411 3758 snperqne,
424 3693 482 3744 abd
487 3708 505 3757 g
517 3690 647 3756 (Robert.)
665 3708 811 3759 semperque,
823 3708 848 3758 p.
866 3709 965 3760 semper,
976 3695 1006 3745 P.

170 3757 239 3820 §26-
257 3757 342 3822 eredi5
362 3761 393 3811 ab
409 3761 459 3811 heo
479 3776 543 3812 voce
558 3763 648 3827 incipit
663 3762 695 3813 a
716 3802 743 3810 -
765 3771 855 3812 tantam
872 3762 964 3823 melem,
987 3764 1018 3814 R.
1040 3803 1067 3812 ..
1087 3777 1256 3826 nonnunquam

138 3835 189 3889 aut,
205 3827 236 3878 P.
255 3866 286 3877 ..
304 3828 379 3890 nirata,
396 3828 425 3880 P.
445 3830 480 3878 ..³
495 3829 584 3892 belnae,
602 3831 633 3880 R.
656 3870 682 3878 -
703 3830 807 3892 domine,
824 3832 928 3881 Barbar.
945 3831 1103 3896 RPabdgp
1123 3827 1256 3896 (Robert.)

136 3895 263 3956 bemineru
275 3908 298 3944 σ.
318 3935 349 3944 .-
368 3895 465 3947 saiada.
491 3895 523 3946 In
534 3897 585 3947 hae
595 3912 658 3947 voce
670 3899 814 3963 corruptela
825 3899 923 3949 videtur
933 3899 1024 3963 letere;
1040 3902 1108 3950 unde
1120 3900 1187 3949 enim
1198 3901 1257 3964 plu·

137 3963 197 4013 ralis
212 3977 340 4024 numerus,
356 3964 378 4012 si
393 3966 425 4013 de
441 3967 586 4014 anamodo
602 3979 630 4014 re
646 3981 711 4028 quae
728 3966 848 4016 solatium
865 3965 939 4016 affert
954 3976 993 4017 est
1004 3969 1103 4018 temno?
1122 3967 1258 4033 Scripsisse

137 4029 251 4080 Plinium
262 4038 326 4095 puto
339 4029 425 4080 rotato
436 4031 452 4080 i.
465 4045 486 4080 e.
499 4033 650 4094 consolatio,
664 4027 739 4088 ἅπαξ
750 4029 904 4099 εἰρημένον.

172 4095 245 4158 sat.
268 4096 380 4148 mortula
397 4099 547 4160 aeternitate,
565 4099 674 4164 Pabgp
692 4096 822 4163 (Robert.)
849 4101 951 4152 mortali
964 4105 1137 4167 aeternitatem,
1155 4106 1258 4156 R=²Td

138 4165 236 4216 mortali
251 4166 401 4226 aeternitate,
414 4167 439 4216 R
450 4168 463 4213 ¹.
484 4205 515 4214 ..
535 4163 922 4232 derare‚1>a²bgp(1tobert.)
941 4165 1066 4233 damnare,
1079 4173 1104 4222 u
1113 4175 1118 4204 ¹
1127 4189 1143 4222 a
1152 4175 1168 4222 ¹.
1188 4171 1259 4235 dare,

138 4230 240 4283 R²Td
262 4250 341 4311 >sac
357 4234 465 4296 rer.,1t.
485 4272 516 4281 ..
535 4235 629 4296 debera
647 4248 697 4285 om.
714 4235 743 4285 P.
1007 4247 1011 4253 ·
