2888 4794
367 309 438 355 sm.
455 309 491 354 11.
523 307 600 354 car.
617 307 811 354 uxmnxm.
844 305 941 354 secr.
957 308 1048 352 εει-63.
1207 291 1269 355 163

151 464 235 529 tulos
248 483 364 548 gerens
386 481 565 543 nomenque
585 480 761 547 prorogans
782 469 927 524 nostrum
950 471 983 525 et
1003 458 1188 526 memoriam
1210 483 1268 526 ex-

150 565 284 629 tendens
309 571 420 628 contre
439 560 630 626 brevitatem
651 559 742 639 aevi,
769 560 860 626 euius
886 582 1005 625 numen
1032 560 1179 627 ultimum
1204 563 1269 629 iam

149 665 244 730 nullis
270 685 440 748 precamur
466 660 539 727 irati
560 684 678 750 greve,
707 671 868 745 tamquam
889 660 1071 726 nesciamus
1092 658 1176 727 hanc
1197 685 1269 731 esse

150 768 249 835 sclam
271 787 354 849 quae
378 785 555 848 numquam
581 763 738 828 irascatur
763 762 904 831 homini·
928 762 1046 847 Aquae
1072 762 1211 831 subeunt
1235 765 1270 831 in
1284 784 1331 829 155

149 867 274 945 imbris,
296 867 462 953 rigescunt
482 864 516 929 in
537 864 726 953 grandines,
755 874 938 931 tumescunt
957 864 991 930 in
1012 863 1146 944 fluetus,
1174 889 1269 952 pree·

151 970 323 1055 cipitantur
342 968 377 1031 in
399 966 559 1045 torrentis,
582 985 638 1033 aer
659 965 812 1030 densatur
833 965 983 1044 nubibus,
1007 966 1087 1032 furit
1104 969 1252 1054 procellis
1258 995 1269 1048 ;

150 1081 184 1136 at
196 1071 277 1136 haec
290 1069 445 1155 benigna,
468 1068 564 1145 mitis,
587 1066 758 1153 indulgens
781 1067 958 1154 usibusque
979 1069 1162 1135 mortalium
1182 1093 1268 1137 sem·

150 1193 209 1257 per
228 1171 353 1250 ancilla,
376 1192 459 1254 qnae
480 1179 590 1241 coacta
611 1179 756 1257 generat,
778 1191 863 1253 quae
885 1179 998 1256 sponte
1019 1170 1167 1250 effundit,
1189 1193 1271 1257 quos

19 1270 21 1274 ’
49 1325 52 1330 .
150 1273 265 1339 odores
287 1293 497 1358 separesque,
527 1293 608 1355 ques
629 1291 738 1348 sucos,
767 1292 848 1354 quos
870 1279 992 1350 tactus,
1022 1294 1104 1356 quos
1130 1269 1269 1341 coloresl

149 1374 358 1459 quambene
382 1373 447 1440 fide
473 1373 630 1439 creditum
653 1372 766 1437 faenus
787 1370 910 1436 redditi
938 1395 1022 1457 quae
1043 1385 1152 1441 nostra
1173 1395 1272 1455 causa

151 1475 224 1543 alitl
247 1475 410 1541 Pestifera
425 1475 510 1541 enim
525 1473 708 1551 animantia,
731 1472 821 1541 vitali
839 1473 955 1559 spiritu
973 1473 1112 1542 habente
1133 1478 1270 1565 culpam,
1290 1525 1292 1530 -

150 1577 196 1644 illi
216 1599 348 1643 necesse
360 1572 419 1642 ¹est
441 1575 596 1642 seminata
618 1574 769 1660 excipere
789 1586 822 1642 et
841 1576 951 1664 genita
967 1576 1143 1657 sustinere3
1165 1579 1272 1647 sedin

151 1678 244 1744 melis
258 1678 480 1766 generantium
494 1698 579 1743 noxa
593 1686 653 1740 est.
686 1675 749 1743 Ille
768 1687 949 1762 serpentem
969 1676 1096 1755 homine
1117 1703 1272 1765 percusso

151 1779 287 1867 amplius
308 1802 372 1847 non
392 1778 509 1864 recipit
527 1798 722 1863 poenasque>
735 1778 833 1843 etiam
851 1776 1003 1843 inertium
1016 1780 1144 1847 nomine
1159 1781 1272 1869 exigit,

151 1880 207 1947 illa
226 1880 370 1946 medices
391 1878 499 1945 fundit
520 1877 638 1944 herbas
658 1888 691 1944 et
711 1899 840 1962 semper
860 1877 980 1944 homini
1000 1881 1148 1966 parturit
1183 1881 1335 1963 Quintae

152 1992 184 2048 et
210 2003 334 2046 venene
362 1979 462 2046 nostn'
494 1979 668 2045 miseritam
696 1978 872 2047 instituisse
901 1979 990 2045 credi
1016 1991 1137 2066 petest,
1169 2006 1211 2049 ne
1239 1983 1273 2057 in

134 2082 258 2174 ¹taedio
284 2082 369 2148 vitae
396 2082 514 2161 fames,
549 2103 634 2147 mors
661 2090 766 2147 terrae
793 2079 918 2147 meritis
945 2080 1155 2163 alienissima,
1188 2084 1275 2161 lente

151 2193 354 2251 consumeret
374 2184 466 2262 tabe,
492 2204 534 2249 ne
560 2183 703 2249 lacerum
729 2204 847 2268 corpus
874 2183 1012 2270 abrupta
1036 2182 1273 2273 dispergerent,

151 2308 192 2351 ne
218 2285 325 2370 laquei
352 2296 516 2370 torqueret
542 2307 646 2371 poena
671 2295 895 2373 praepostera,
928 2285 1051 2352 incluso
1077 2286 1192 2372 spiritu
1220 2288 1273 2354 eni

152 2397 360 2472 quaereretur
382 2387 497 2467 exitus,
520 2410 561 2453 ne
582 2388 616 2452 in
637 2387 799 2474 profunde
821 2387 965 2473 quaesita
985 2398 1087 2456 morte
1109 2389 1274 2475 sepulture

152 2489 271 2574 pabulo
296 2489 404 2568 fieret,
433 2512 474 2555 ne
502 2489 580 2555 ferri
607 2490 768 2556 cruciatus
795 2489 953 2555 scinderet
980 2513 1105 2575 corpus.
1139 2489 1190 2555 Ita
1212 2501 1272 2570 est,

151 2589 293 2654 miserita
320 2591 432 2677 genuit
458 2590 492 2655 id
518 2590 610 2655 cuius
637 2590 789 2655 facillimo
816 2591 952 2667 haustu,
981 2590 1113 2657 inlibate
1139 2614 1273 2676 corpore

153 2703 186 2755 et
207 2713 282 2757 cum
303 2701 369 2756 toto
391 2690 548 2776 sanguine
571 2689 859 2775 exstingueremur,
881 2687 968 2753 nulle
988 2688 1108 2767 labere,
1133 2691 1271 2756 sitienti-

151 2793 213 2858 bus
235 2791 365 2869 similes,
389 2790 527 2874 qualiter
548 2787 718 2853 defunctos
737 2810 802 2854 non
822 2787 971 2866 volucris,
997 2811 1061 2855 non
1082 2790 1152 2856 fera
1172 2793 1271 2857 attin-

151 3000 183 3048 Β.
202 3037 233 3045 ..
252 2997 392 3059 ambaeque,
403 2995 453 3046 R2.
472 3011 584 3059 esusque,
596 2997 681 3046 R¹ad
696 2991 826 3058 (Robert.)
838 2989 888 3060 βγ.
913 2995 1026 3062 usuique,
1042 2999 1121 3049 Hard.
1140 3039 1172 3049 .-
1190 3001 1270 3065 effac

152 3063 199 3126 dit,
211 3066 255 3117 Β).
271 3063 368 3127 fundit,
380 3065 405 3115 Β
415 3065 464 3114 ¹ad
476 3060 607 3126 (Robert.)
617 3058 668 3127 βγ.
679 3062 802 3128 suadeas,
814 3079 838 3114 e.
857 3105 890 3115 ..
908 3081 970 3130 quoa
982 3066 1077 3129 odores,
1089 3069 1126 3118 ad
1138 3063 1269 3130 (Robert.)

152 3130 247 3193 odores,
258 3133 290 3183 Β
304 3172 335 3181 ..
355 3148 416 3196 quos
428 3141 514 3194 tectus,
525 3133 626 3183 B2'a‘2d
639 3129 768 3194 (Bobert.)
787 3149 845 3196 quer
856 3132 941 3194 iactos,
952 3135 977 3186 Β
986 3135 1001 3183 ¹.
1019 3136 1090 3185 Idem
1102 3133 1269 3201 porrectiores

150 3201 241 3250 habuit
252 3216 267 3249 a
277 3201 292 3249 ¹.
311 3240 343 3249 -
353 3200 457 3264 scenae,
469 3202 542 3253 Rad.
562 3199 650 3250 Omitt.
663 3216 675 3251 r
687 3197 820 3262 (Rebert.)
835 3241 866 3250 ..
884 3199 972 3264 reddit,
984 3202 1068 3254 R²ed
1076 3206 1093 3254 ².
1112 3200 1186 3266 dedit,
1197 3203 1267 3257 R¹d¹

151 3267 189 3330 (in
207 3264 284 3329 corr.)
302 3309 333 3319 -
352 3277 449 3330 matra,
466 3267 531 3318 Rad
552 3263 682 3332 (Robore)
695 3268 788 3330 inermi,
803 3261 853 3333 βγ.
874 3309 900 3319 -
927 3268 999 3322 viati
1011 3272 1107 3336 spirea,
1123 3272 1155 3321 R.
1182 3271 1268 3325 veste

149 3336 257 3401 spiritua,
269 3337 320 3387 Ta
339 3335 370 3386 In
382 3338 399 3386 d
411 3337 498 3386 omnia
509 3351 554 3399 per
566 3344 720 3387 correctnras
731 3335 800 3387 taeta
811 3345 871 3386 sunt
881 3338 983 3389 incerta
1001 3378 1033 3388 ...
1051 3340 1158 3402 tabente,
1170 3343 1195 3392 R
1207 3336 1269 3402 (ecte

149 3404 176 3452 in
187 3401 265 3466 eurr.)
284 3444 316 3452 ..
333 3405 436 3468 eulpam
449 3405 492 3453 ad.
510 3401 592 3468 culpa,
604 3404 665 3453 ΒΤ.
686 3442 714 3450 ..
735 3403 773 3453 illi
787 3418 884 3453 necesse
902 3411 946 3463 est,
958 3407 1034 3455 Rad.
1057 3420 1153 3456 necesse
1170 3415 1209 3456 est
1225 3407 1269 3471 illi,

149 3466 201 3535 βγ.
220 3510 252 3520 ..
269 3470 368 3532 semine,
380 3470 482 3521 R'ran.
500 3511 532 3519 ..
552 3478 583 3528 et,
595 3471 664 3521 Rae
683 3469 772 3521 Omitt.
785 3468 845 3519 a¹d.
864 3510 895 3519 ..
915 3480 1032 3536 serpente,
1044 3473 1076 3523 Β.
1095 3513 1123 3521 ..
1145 3474 1270 3537 bominem,

148 3535 249 3617 th·
264 3554 388 3656 peficprm,
400 3538 432 3588 R.
452 3578 483 3588 ..
502 3536 607 3602 amplier
624 3553 678 3599 eon,
690 3538 737 3588 Rd
753 3533 883 3600 (Robert.)
901 3554 946 3588 nen
960 3537 1076 3605 erupliue,
1089 3535 1158 3605 estr.
1177 3582 1210 3590 -
1228 3543 1270 3592 bc·

149 3619 215 3666 meae,
226 3619 277 3655 om
333 3643 339 3657 .

183 3671 269 3734 §ltu
286 3675 513 3734 marcanesca.
532 3713 563 3723 ..
581 3672 724 3737 miseritam,
740 3691 763 3724 a
785 3674 916 3737 misertum,
933 3669 1012 3740 Ββγ.
1031 3675 1126 3727 misera
1143 3678 1215 3738 {tad
1230 3675 1271 3739 (in

149 3738 227 3804 corr.)
249 3740 366 3793 miseriae
382 3742 425 3804 tte,
442 3743 545 3794 Robert.
571 3781 602 3790 ..
621 3742 716 3804 fames,
732 3734 867 3793 lendan
889 3742 960 3795 dirae
974 3741 1065 3806 semri,
1086 3738 1116 3806 β.
1139 3783 1171 3792 ..
1195 3743 1271 3806 lente,

149 3807 245 3858 R²a¹d
254 3810 270 3857 ¹.
288 3808 360 3869 liena,
372 3810 421 3859 13¹.
440 3808 506 3860 lente
517 3823 569 3869 nos,
585 3800 737 3874 Oa²d²ss7n
751 3851 782 3859 -
794 3813 849 3860 tete
860 3826 895 3872 ae,
908 3813 952 3860 ad.
970 3810 1008 3860 ita
1020 3811 1083 3870 bene,
1095 3812 1120 3861 Β
1129 3813 1146 3861 ².
1165 3814 1272 3872 taberne,

148 3875 199 3925 12¹.
218 3913 251 3922 ..
268 3876 467 3938 abrupta,B.²e.
494 3876 651 3936 utrumne
675 3877 768 3938 obruta,
786 3878 838 3927 Td.
858 3918 886 3926 -
908 3887 1034 3941 torqueret,
1055 3881 1099 3928 ad.
1126 3888 1272 3942 torquerent,

148 3943 199 3992 R¹.
223 3948 339 4004 torquere,
355 3943 406 3992 13¹.
430 3982 461 3991 ..
484 3940 617 4006 sepulture,
637 3944 706 3994 R2a.
729 3945 754 3992 si
768 3945 900 4008 sepultura,
917 3945 1018 3996 R¹Tu
1044 3985 1069 3992 -
1089 3946 1170 4009 serra
1188 3947 1220 3996 R.
1239 3986 1271 3997 .-

149 4007 282 4069 crucr'etur,
298 4010 348 4059 R¹.
367 4049 398 4057 ..
415 4009 458 4060 Ita
474 4019 509 4060 est
524 4009 639 4071 miserita,
655 4011 709 4060 Ra.
736 4009 782 4060 Ite
793 4020 831 4060 est
841 4013 949 4074 miserta,
961 4007 1033 4076 (1157.
1059 4012 1104 4065 Ita
1121 4023 1156 4064 est
1172 4015 1273 4065 miserta

148 4077 192 4139 ita,
204 4078 235 4127 Τ.
253 4076 303 4137 Ita,
315 4093 335 4126 r.
355 4116 385 4124 ..
402 4075 490 4140 penult
506 4075 547 4127 tic
563 4074 647 4138 buius,
663 4079 695 4127 Β.
715 4118 746 4126 -
770 4087 852 4140 austu,
864 4079 896 4129 R.
915 4119 946 4128 ..
965 4079 1078 4142 inlibate,
1094 4081 1127 4130 Β.
1146 4122 1177 4130 ..
1195 4081 1272 4132 aciem

148 4144 219 4206 tibua,
230 4147 256 4196 Β
266 4147 280 4193 ¹.
298 4185 329 4193 -
347 4143 445 4205 sirtille,
457 4145 482 4197 Β
491 4145 506 4193 ¹.
520 4185 552 4194 ..
570 4141 684 4207 volucria,
696 4147 740 4196 Ra
752 4141 881 4209 (Robert.)
898 4143 1013 4209 volueret,
1026 4148 1078 4198 Td.
1099 4189 1126 4198 -
1145 4151 1211 4211 fere,
1223 4151 1271 4203 3².

141 4211 208 4273 fen,
229 4214 301 4263 B¹T
313 4208 444 4276 (Robert.)
453 4213 539 4277 ferae,
551 4213 595 4263 ed.
610 4253 640 4262 ..
659 4215 788 4279 attiuqeret,
805 4216 853 4266 1³².
872 4214 997 4282 ettinpere,
1009 4216 1034 4267 R
1044 4218 1100 4266 'ad
1120 4218 1272 4285 attinpereat,

148 4275 317 4343 umores.)
1067 4350 1084 4383 ὕ
