2888 4794
179 225 242 288 360
530 239 734 288 caruimus
757 239 952 287 ursroumn
1035 295 1038 298 ,

220 396 285 461 ΧΙ.
320 397 370 460 12.
399 393 494 460 Ultra
515 392 721 460 Pelusiacum
741 394 865 460 Arabia
890 406 957 473 est,
986 393 1029 458 ad
1055 394 1189 483 rubrum
1217 416 1313 461 marc
1330 413 1365 457 os

178 497 342 585 pertinens
365 507 398 560 et
419 495 611 561 odoriferam
631 495 718 560 illam
737 518 776 560 ac
794 496 928 560 divitem
942 507 975 560 et
988 496 1101 563 beatae
1117 496 1313 581 cognomine
1383 505 1386 509 ’

179 599 341 663 inclutam.
374 596 467 661 Haec
495 591 697 660 Catabanum
727 606 759 660 et
785 595 1026 662 Esbonitammf
1041 607 1074 659 et
1102 593 1314 661 Scenitarum

179 700 326 772 Arabum
354 711 498 777 vocatur,
529 699 656 777 sterilis,
685 710 910 786 praeterquam
938 699 995 764 ubi
1023 696 1137 782 Syriae
1168 699 1314 769 confinia

180 801 321 888 attingit,
344 823 405 867 nec
426 800 489 865 nisi
505 795 603 864 Casio
625 810 731 865 monte
746 800 871 866 nobilis.
898 800 961 864 His
976 800 1102 865 Arabes
1116 800 1311 887 iunguntur,

180 903 220 968 ab
242 902 363 969 oriente
381 898 546 978 Canchlei,
568 924 588 965 a
608 902 742 966 meridie
766 897 883 966 Cedrei
906 901 961 985 qui
984 900 1100 966 deinde
1123 901 1217 967 ambo
1239 900 1312 966 Na-

179 1003 314 1069 bataeis.
342 1002 604 1089 Heroopoliticus
624 1013 757 1070 vocatur
771 1002 914 1086 alterque
929 1002 1131 1069 Aelaniticus
1147 1003 1237 1067 sinus
1253 1027 1313 1068 ru·

179 1106 230 1174 bri
256 1105 353 1171 maris
377 1106 412 1170 in
434 1104 626 1192 Aegyptum
647 1105 827 1193 vergentis,
856 1127 894 1168 cr.
916 1128 941 1170 rr
967 1129 1000 1190 p.
1027 1106 1195 1172 intervallo
1223 1106 1315 1172 inter

180 1209 245 1273 duo
270 1207 390 1293 oppida
417 1206 542 1271 Aelana
569 1218 601 1270 et
629 1207 663 1270 in
690 1217 799 1272 nostro
827 1206 907 1271 mari
936 1203 1072 1272 Gazam.
1109 1206 1266 1293 Agrippa
1294 1230 1316 1273 a

180 1308 311 1374 Pelusio
326 1307 491 1372 Arsinoen
510 1308 600 1372 rubri
620 1309 718 1372 maris
739 1309 895 1394 oppidum
913 1314 972 1395 por
990 1310 1117 1374 deserta
1132 1298 1222 1373 cxiv
1237 1331 1265 1372 rr
1278 1333 1313 1396 p.

183 1410 297 1486 tradit;
328 1420 393 1473 tam
414 1397 524 1495 parvo
537 1409 636 1472 distat
661 1408 709 1474 ibi
731 1421 820 1475 tanta
841 1433 949 1475 rerum
970 1423 1103 1475 naturae
1126 1410 1315 1477 diversitas.

224 1510 307 1579 XII.
341 1511 391 1574 13.
420 1510 528 1587 quta,
546 1507 642 1593 Syria
668 1511 745 1577 litus
772 1524 927 1598 occupat,
961 1514 1123 1596 quondam
1152 1525 1316 1578 terrarum
1331 1525 1365 1570 66

182 1637 333 1678 maxuma
355 1624 389 1678 et
409 1612 556 1698 pluribus
577 1612 730 1677 distincta
748 1614 941 1679 nominibus.
964 1615 1111 1699 Namque
1125 1614 1317 1681 Palaestina

183 1715 376 1792 vocabatur,
400 1737 464 1799 qua
485 1704 643 1800 contingit
664 1711 810 1792 Arabas,
840 1726 873 1780 et
893 1715 1016 1780 Iudaea
1037 1728 1069 1782 et
1093 1715 1210 1795 Coele,
1234 1717 1317 1782 exin

183 1818 345 1883 Phoenice
368 1829 401 1881 et
423 1838 487 1899 qua
507 1815 630 1880 recedit
651 1814 741 1878 intui
760 1813 980 1894 Damascena,
1011 1840 1049 1881 ac
1070 1820 1173 1906 magis
1196 1819 1315 1884 etiam·

184 1943 262 1985 num
282 1917 460 1983 meridiana
473 1914 663 2000 Babylonia,
688 1927 720 1980 et
742 1916 854 1981 eadem
876 1914 1114 2004 Mesopotamia
1134 1920 1219 1984 inter
1240 1919 1315 1986 Eu·

183 2022 321 2108 phraten
350 2030 382 2086 et
408 2018 539 2106 Tigrin,
571 2040 697 2103 quaque
726 2019 840 2083 transit
865 2016 1009 2084 Taurum
1036 2017 1201 2107 Sophene,
1232 2023 1317 2088 citra

183 2145 260 2192 uero
284 2145 354 2192 eam
379 2118 575 2207 Comagena,
605 2131 638 2184 et
667 2119 751 2189 ultra
771 2119 959 2186 Armeniam
981 2119 1151 2191 Adiabene
1173 2121 1318 2208 Assyria

183 2335 388 2389 Heracleoticum
400 2349 415 2381 a
426 2331 511 2382 Plinio
524 2344 576 2378 non
588 2335 627 2378 est
637 2329 805 2377 nominatum.
827 2329 885 2382 Huc
898 2331 1002 2391 accedit,
1014 2334 1084 2396 quod
1096 2332 1188 2382 diserta
1199 2340 1316 2384 veterum

184 2394 336 2465 scriptorum
353 2399 499 2463 testimonia
517 2398 577 2446 loco
594 2396 722 2456 Pliniano,
739 2396 821 2459 qualis
838 2412 906 2446 nunc
917 2399 1018 2460 legitur,
1030 2399 1201 2462 refragantur;
1219 2398 1316 2451 Strabo

184 2471 250 2518 enim
264 2475 288 2518 2.
302 2484 325 2532 p.
339 2473 379 2517 85.
397 2474 422 2516 et
437 2466 547 2515 Ptolem.
566 2478 652 2526 geogr.
671 2463 718 2512 IV.
733 2469 755 2524 5,
770 2470 809 2513 10.
822 2465 916 2515 ostium
929 2465 1087 2531 Canopicum
1099 2467 1317 2530 cognominatum

185 2537 263 2587 fuisse
284 2538 387 2585 tradunt
404 2532 617 2584 Heracleoticum.
645 2532 713 2581 Tum
730 2532 903 2596 exscriptum
916 2535 1021 2596 vulgat-a
1036 2537 1170 2596 nescimus,
1187 2536 1249 2599 quid
1266 2538 1318 2586 sibl

184 2606 264 2655 uelint
279 2605 371 2654 ultima
380 2604 463 2652 ¹verba
479 2616 554 2653 sensu
566 2615 667 2663 prorsus
680 2601 807 2650 destituto.
836 2601 904 2653 Hinc
915 2603 1027 2652 Plinium
1040 2603 1167 2666 scripsisse
1180 2604 1316 2655 existimo:

185 2672 252 2738 quod
269 2671 318 2723 olii
335 2669 539 2730 Bolbitinum,
559 2666 757 2719 Heracleoticum
778 2664 911 2734 Canopico,
933 2671 974 2719 cui
989 2670 1122 2735 prozimum
1143 2679 1189 2730 est,
1210 2672 1317 2736 praese·

186 2750 273 2792 rentes.
306 2739 365 2790 Non
387 2739 489 2804 quidem
510 2738 603 2788 scimus
625 2750 659 2787 ex
679 2738 740 2801 ipsis
762 2738 925 2800 scriptoribus
946 2739 1072 2788 veteribus
1088 2737 1222 2789 Bolbitino
1248 2740 1317 2789 ostio

185 2823 328 2873 cognomen
341 2808 542 2861 Naucratiticum
563 2805 654 2867 fuisset
680 2807 724 2855 sed
745 2821 804 2855 cum
822 2806 956 2856 Naucratis
975 2807 1097 2870 oppidum
1114 2807 1153 2855 illi
1171 2807 1225 2856 Nili
1241 2808 1317 2856 brac·

185 2878 254 2939 chio,
267 2878 335 2940 quod
347 2877 374 2925 iu
386 2877 481 2925 ostium
491 2874 653 2924 Bolbitinum
665 2875 726 2936 exit,
738 2874 848 2924 adcitum
859 2873 937 2924 fuisse
949 2882 1056 2935 constet,
1071 2875 1216 2923 coniectura
1225 2883 1319 2926 nostm

185 2946 215 2995 fit
226 2959 349 3010 perquam
366 2943 510 3007 probabilis.
536 2942 587 2991 Per
598 2942 689 2991 ultima
699 2943 776 2991 verba
786 2942 853 2991 Plin.
866 2942 917 2991 iam
929 2942 990 2991 dicit
1000 2957 1095 2990 nomen
1106 2942 1319 2993 Heracleoticum

186 3014 330 3076 praelatum
341 3010 419 3060 luisse
431 3010 463 3060 ab
475 3011 526 3059 illis
537 3009 639 3070 iisdem,
652 3010 695 3073 qui
706 3010 867 3060 Bolbitinum
880 3011 998 3060 dixerunt
1009 3011 1221 3071 Naucratiticum,
1238 3010 1271 3058 de
1284 3025 1317 3060 eo

185 3081 314 3140 bracchio,
331 3079 372 3127 cui
383 3079 543 3129 Bolbitinum
559 3087 598 3126 est
613 3079 767 3141 proximum,
789 3080 820 3128 de
837 3078 982 3142 Canopic03
999 3079 1025 3126 id
1040 3079 1077 3127 ita
1094 3077 1172 3139 effert,
1188 3085 1218 3126 ut
1229 3077 1320 3140 ipsum

185 3147 392 3201 Heracleoticum
403 3146 496 3195 ostium
503 3145 635 3208 Canopico
645 3161 699 3195 esse
711 3146 805 3196 abillis
817 3146 958 3209 praelatum
970 3146 1044 3196 dicat.
1057 3145 1197 3208 Vulgatam
1208 3146 1320 3210 scriptu-

173 3231 241 3275 ram
253 3213 366 3263 defendit
376 3215 431 3264 Ian.
443 3213 470 3262 iu
482 3213 564 3261 diurn.
577 3215 655 3278 antiq.
669 3219 742 3264 1849.
754 3229 792 3263 nr.
808 3220 848 3264 59.
856 3228 885 3330 p.
898 3219 956 3264 465.

221 3281 236 3342 ἓ
250 3287 289 3331 65.
305 3281 450 3346 pertinqeas,
461 3294 485 3331 σ.
499 3320 531 3333 -
548 3278 659 3342 inclitam,
671 3284 707 3332 'ab
720 3321 752 3330 ..
769 3280 842 3332 Haeo
876 3282 1014 3343 armanum,
1027 3283 1100 3332 codd.
1111 3282 1226 3332 Barbari.
1242 3280 1319 3338 Haec

172 3349 345 3411 'Artabanum
357 3347 413 3399 Dd.
435 3348 507 3399 Haec
518 3347 665 3412 Araborum,
678 3367 701 3400 a.
719 3349 923 3411 Hccuttcbouum,
935 3349 967 3399 R.
988 3349 1183 3409 Hecotabouum,
1196 3364 1220 3398 σ.
1243 3346 1320 3400 Haec

192 3414 325 3474 Catonum,
337 3417 370 3467 K.
389 3457 420 3466 -
439 3425 563 3478 uocantur,
575 3416 607 3466 R.
620 3457 651 3466 -
670 3416 776 3479 ibi,Rd.
790 3459 822 3467 ..
840 3416 917 3482 Syrio
929 3425 959 3479 et,
972 3419 1003 3467 R.
1017 3457 1049 3465 -
1070 3415 1192 3478 Canchlei,
1204 3433 1227 3466 a
1249 3414 1320 3465 Cau.

188 3484 287 3548 allucio,
299 3486 333 3535 D.
348 3482 484 3546 Conclleio,
496 3486 549 3535 Τὰ.
572 3484 692 3547 Concleis,
705 3499 728 3534 σ.
751 3483 892 3548 Culcilaeis,
904 3488 936 3535 R.
957 3483 1079 3546 Oiooelei,
1090 3486 1214 3534 Bochart.
1227 3499 1319 3548 geogr,

188 3569 251 3604 sacr.
268 3569 292 3618 p.
311 3559 368 3604 225.
392 3593 424 3602 ..
444 3550 544 3614 Cedrei,
561 3569 585 3602 a.
616 3550 730 3615 Cedreia,
747 3554 882 3604 RDTdo.
901 3592 932 3602 ..
952 3553 997 3616 qui
1013 3550 1100 3603 deiude
1117 3555 1199 3614 ambo,
1216 3553 1321 3606 RDad

189 3619 275 3681 (codd.
289 3617 409 3683 Barbar.)
447 3621 540 3683 quidem
561 3620 619 3670 dein
641 3622 717 3681 ambo,
734 3634 758 3669 σ.
781 3660 813 3669 ..
839 3619 988 3683 Nabotleis,
1004 3635 1028 3668 σ.
1052 3660 1084 3669 ..
1105 3617 1321 3684 Heroopoliticus,

187 3691 291 3740 Barber.
308 3687 511 3752 Heroopoliticus,
523 3701 547 3737 σ.
559 3685 778 3751 Heroopoliticum,
788 3688 865 3738 Dad.
881 3686 1083 3752 Heropoliticum,
1094 3690 1120 3740 R
1130 3685 1177 3750 (ex
1190 3684 1268 3749 corr.)
1284 3728 1320 3740 ..-

189 3756 348 3817 Aelaniticus,
360 3758 392 3807 1³.
409 3754 586 3816 Laelouiticus,
598 3755 652 3806 Da.
670 3753 832 3816 Lelouiticrm
844 3759 868 3806 d.
887 3797 919 3806 ..
937 3755 1041 3818 Aelana,
1053 3758 1102 3805 vid.
1116 3756 1204 3821 steph.
1216 3756 1283 3819 Byr.
1297 3773 1320 3807 s.

189 3828 215 3875 h.
227 3841 250 3876 v.
263 3824 380 3887 Laeana,
390 3825 425 3875 D.
443 3821 560 3882 Laeliae,
572 3838 595 3872 a.
613 3820 709 3886 Louna,
722 3825 746 3873 d.
764 3823 861 3885 Lacon,
873 3825 904 3874 R.
918 3864 950 3874 -.
966 3824 1045 3884 Gaza,
1057 3839 1081 3872 σ.
1099 3823 1182 3883 Zoro,
1195 3824 1320 3875 RDa¹d.

191 3892 271 4010 gaio,
282 3895 369 4011 azffi
388 3911 412 3954 u,
424 3892 506 3942 omitt.
518 3891 616 3946 R¹Dd‚
630 3931 662 3941 ..
673 3888 844 3954 Arsinoae
856 3889 920 3954 (oem
932 3907 965 3942 ex
977 3889 1055 3954 corr.)
1069 3931 1100 3940 -
1119 3908 1131 3940 e
1142 3890 1220 3952 rubri,
1232 3891 1267 3940 R.
1286 3933 1320 3941 -

207 3970 312 4021 coorto,
363 3997 369 4011 .
412 4018 413 4021 Ἴ

224 4030 240 4092 ξ
253 4034 293 4079 tt.
306 4026 406 4088 Sirium,
418 4029 484 4082 Rob.
500 4027 554 4078 Hcs
565 4029 739 4093 paragraphus
751 4042 765 4078 e
776 4029 847 4078 Mela
860 4034 882 4090 l,
897 4034 935 4078 ll.
948 4029 1074 4091 excerpsit
1085 4029 1168 4088 Plin.;
1180 4028 1251 4076 hunc
1263 4044 1321 4079 rur·

192 4097 788 4226 attrltll”“³²¹¹t.l.ltt.-.litt
800 4093 1102 4215 lautttltli‘
1114 4092 1271 4226 tulit·
1287 4137 1321 4148 “

193 4239 217 4285 or
228 4226 335 4291 Iudaeo,
347 4199 398 4282 dm.
411 4249 433 4282 a.
448 4247 478 4282 ‘-
497 4233 563 4293 exiu,
579 4225 606 4288 θ.
625 4202 699 4294 iacta,
709 4232 785 4288 Ded.
805 4229 898 4293 drudo,
910 4201 962 4289 lli,
971 4231 1034 4293 duo,
1045 4232 1111 4288 Rob.
1124 4226 1174 4296 βγ.
1199 4231 1258 4281 Om.
1272 4234 1320 4284 R‘.
