2888 4794
617 299 806 343 PRAEFA'HO·
1182 301 1279 344 XXVII

155 455 252 515 Semel
272 453 360 513 etiam
379 447 446 533 (11.
461 472 488 512 1.
503 447 556 512 37.
571 457 587 522 ἕ
603 447 692 532 186.)
706 451 912 530 Delecampius
926 448 1060 525 ,‚meum''
1081 453 1190 526 attulit,
1205 461 1237 513 et
1248 454 1280 512 in

153 566 260 624 horum
279 564 413 624 codicum
436 581 559 622 numero
578 565 788 640 deflorationem
807 564 924 623 Roberti
945 565 1157 624 Crtbeladensis
1186 563 1280 623 111111

153 675 231 735 inira
245 676 366 745 docebo,
381 673 431 733 ubi
445 674 482 732 de
494 673 551 742 hac
566 673 692 750 epitome
706 682 821 748 agetur.
843 671 1034 732 Ouiadanum
1048 673 1175 733 codicem
1189 672 1279 731 etiam

153 785 180 844 1.
199 787 225 846 1.
246 783 379 858 Scaliger
398 784 430 842 in
451 783 603 859 opusculis
621 802 652 860 p.
674 779 724 842 17.
745 790 775 840 11
789 777 842 842 23.
856 782 895 840 ad
911 777 962 855 13,
978 778 1040 854 69,
1056 801 1087 858 p.
1102 777 1155 842 38.
1169 783 1208 840 ad
1224 777 1277 854 13,

156 891 220 967 74,
235 914 265 970 p.
278 890 329 953 40.
347 896 386 952 ad
399 889 450 965 13,
463 891 526 966 77,
543 889 750 969 14511113,
765 888 826 964 78,
837 912 868 969 p.
881 887 934 952 46.
945 893 984 951 ed
996 888 1048 964 13,
1061 887 1124 964 79,
1135 910 1165 968 p.
1176 887 1230 951 49.
1240 891 1281 951 ad

156 1000 207 1077 13,
223 1000 286 1076 80,
294 1024 332 1081 p.
349 998 400 1063 52.
414 1004 454 1061 ad
469 999 520 1075 13,
534 999 587 1064 81.
601 1003 713 1062 laudat.
746 1003 830 1062 Inter
848 1003 903 1062 hos
917 1003 1008 1062 libros
1022 1010 1121 1061 111111
1134 1019 1206 1061 mss.
1220 1018 1280 1059 non

155 1115 252 1173 solum
262 1114 367 1190 pretio,
379 1113 581 1172 verumetiam
593 1113 679 1190 copia
688 1114 846 1172 lectionum
857 1122 1062 1189 excerptamm
1072 1112 1186 1188 primus
1196 1110 1281 1171 locus

154 1225 326 1283 tribuendus
343 1225 517 1300 Oleifflotiano
532 1215 589 1303 (Θ)
603 1224 768 1283 accuratius
781 1224 814 1281 in
826 1224 973 1301 prioribus
987 1240 1077 1298 quam
1089 1223 1121 1281 in
1134 1221 1281 1298 posterio-

153 1336 235 1394 ribus
249 1335 332 1393 libris
346 1333 464 1394 collato.
486 1335 546 1393 Hic
558 1334 633 1393 liber
647 1334 891 1409 „antiquissimus
906 1342 936 1392 et
948 1327 1143 1392 sanissimus''
1163 1331 1280 1391 Veson-

154 1444 187 1503 tii
199 1445 416 1517 asservabatur,
431 1453 462 1504 et
474 1443 502 1503 I.
515 1443 568 1503 Fr.
583 1442 752 1504 Gronovius
765 1445 798 1505 in
810 1443 937 1522 epistola
947 1444 1081 1503 dedicata
1088 1444 1127 1502 ad
1136 1441 1281 1503 Ioannem

153 1551 348 1631 capellanum
362 1574 393 1631 p.
410 1549 482 1614 765.
496 1555 554 1613 ait:
568 1554 648 1627 „hae
660 1555 849 1614 membranae
862 1555 939 1613 inter
952 1561 1089 1615 exaratos
1109 1572 1200 1612 manu
1213 1551 1280 1613 Pli-

41 1696 44 1701 ·
152 1663 232 1736 nios,
252 1671 399 1740 quotquot
418 1664 657 1725 adhuc-collatos
678 1666 861 1742 accepimus,
888 1664 1030 1723 familiam
1049 1657 1192 1724 ducunt.”
1228 1661 1282 1723 Ad

152 1772 276 1831 XXXI.
296 1769 327 1832 3.
345 1793 414 1851 eum
434 1775 563 1836 omnium
581 1776 679 1835 adhuc
700 1782 895 1834 mactatarum
914 1775 1057 1851 optimm
1078 1774 1160 1846 dicit,
1184 1791 1282 1848 aquo

155 1876 293 1962 (³1¹ssoest
314 1903 345 1959 p-
365 1879 457 1963 842.)
476 1903 536 1943 non
556 1884 644 1943 facile
662 1885 858 1942 recedendum
878 1902 952 1942 esse.
980 1883 1104 1959 Semper
1117 1901 1186 1941 eum
1200 1881 1282 1941 exbi-
1390 1951 1394 1960 Ι

139 1982 224 2051 ¹bere
240 1995 412 2050 inlustratus
428 1998 532 2050 narrat
543 1992 715 2068 Delecamp.
734 1993 772 2050 ad
783 1988 814 2051 3.
826 1988 933 2064 1117,
945 1994 1069 2051 tramitte
1079 1993 1119 2050 ad
1128 1988 1159 2051 4.
1172 1987 1281 2063 5111„

153 2103 205 2161 aab
219 2104 271 2161 dtu
284 2119 340 2177 pro
354 2102 406 2161 sub
420 2104 468 2161 dio
481 2102 520 2161 ad
535 2105 551 2172 t
563 2097 635 2162 145.
656 2102 737 2160 Illud
751 2100 898 2162 Gronovii
910 2101 1049 2162 iudicium
1063 2111 1099 2160 ut
1111 2121 1214 2161 verum
1226 2101 1282 2163 fuit

151 2213 205 2270 illa
219 2220 324 2284 111111,
339 2212 383 2270 ita
396 2230 485 2284 nunc,
500 2213 554 2272 ubi
567 2213 653 2276 codd.
667 2211 837 2286 Leidensis,
857 2212 1036 2285 Vossianus,
1057 2213 1281 2285 Rieeardianus,

154 2322 331 2382 Parisiensis
341 2342 371 2394 a,
386 2332 454 2380 ante
466 2341 567 2383 omnes
582 2322 809 2398 Bambergensis
821 2302 893 2383 sunt
901 2323 1013 2397 collati,
1024 2343 1063 2383 ex
1071 2331 1155 2402 parte
1164 2330 1281 2383 tantum

154 2433 275 2507 probari
288 2432 406 2509 poterit,
423 2441 453 2491 et
465 2441 545 2493 recte
557 2432 733 2493 Harduinus
747 2452 815 2492 eum
829 2452 898 2493 cum
910 2432 1076 2493 Parisiensi
1089 2435 1109 2493 d
1124 2452 1280 2511 compara·

154 2542 213 2613 vit,
229 2560 297 2601 cum
310 2562 370 2617 quo
384 2542 534 2619 permulta
552 2545 643 2603 habet
660 2545 843 2617 communia,
863 2562 1041 2621 quamquam
1062 2544 1204 2604 nonnulla
1225 2543 1281 2603 sibi

152 2653 280 2728 propria.
318 2653 363 2713 Ut
380 2652 638 2729 interpolationes,
659 2672 735 2728 qnae
755 2672 815 2712 non
834 2673 945 2730 paucae
967 2655 998 2715 in
1024 2674 1060 2714 eo
1071 2655 1279 2726 inveniuntur,

152 2762 295 2833 amitam,
308 2761 392 2822 solus
405 2763 519 2838 aliquot
530 2763 561 2822 in
574 2763 646 2822 locis
661 2780 764 2822 veram
777 2763 932 2821 lectionem
951 2763 1059 2835 habet,
1074 2781 1200 2837 quorum
1215 2764 1279 2821 exi·

150 2872 242 2930 mium
256 2870 427 2947 exemplum
441 2871 553 2947 legitur
567 2867 599 2944 2,
615 2867 678 2944 16,
693 2871 746 2931 ubi
760 2891 828 2931 cum
842 2889 946 2931 omnes
961 2872 1046 2931 codd.
1063 2879 1093 2930 et
1110 2873 1177 2931 edd.
1197 2872 1280 2931 exhi·

64 3010 69 3016 ·
153 2982 243 3039 beant
266 2980 427 3056 pessimam
455 2981 715 3057 interpolationem
739 2986 838 3042 iurant
860 3002 915 3059 per
933 2979 1044 3061 fetidos
1069 2983 1145 3042 cibos
1170 2984 1280 3043 etalio

151 3092 269 3161 cimbia,
288 3089 320 3147 in
339 3082 364 3148 θ
384 3091 496 3166 legitur
514 3095 613 3152 iurant
627 3113 685 3171 per
696 3096 824 3171 foetidus
844 3113 948 3172 cepas,
965 3096 1026 3152 aleb
1048 3086 1083 3172 (i.
1106 3111 1133 3152 e.
1153 3090 1238 3170 11111)
1251 3102 1280 3153 ct

152 3202 275 3269 similia3
296 3219 356 3259 non
375 3203 513 3277 estquod
527 3203 684 3279 explicem,
700 3204 778 3262 unde
791 3202 847 3261 illa
859 3203 1049 3280 interpolatio
1060 3204 1101 3263 sit
1114 3212 1189 3263 orta.
1210 3201 1278 3263 Iam

149 3319 267 3387 praeter
291 3311 389 3370 varias
413 3311 552 3371 lectiones
576 3331 594 3370 e
619 3313 754 3371 uexillis
779 3313 949 3373 nominatim
973 3313 1104 3375 laudatis
1129 3313 1277 3373 codicibus

151 3429 303 3498 excerptas
317 3420 525 3497 Delecampius
539 3422 718 3498 marginibus
734 3423 868 3482 editionis
890 3442 963 3483 suae
982 3425 1145 3483 maximam
1163 3423 1277 3501 copiam

150 3530 275 3590 aliarum
288 3531 445 3590 lectionum
458 3531 635 3609 adscripsit!
644 3550 719 3607 quas
735 3531 818 3607 siglis
832 3536 888 3605 M„
907 3537 1002 3607 Man„
1023 3537 1135 3607 Mans„
1150 3537 1277 3602 Manae„

150 3644 210 3703 Me.
224 3645 309 3702 Man.
324 3661 432 3720 exemp.
448 3643 497 3701 vel
518 3643 563 3713 V„
585 3642 657 3713 Vct„
678 3643 796 3715 Valeat„
819 3644 878 3704 Vct.
893 3646 955 3704 cod.
970 3618 1128 3706 nomvit'et
1139 3645 1171 3701 in
1183 3641 1277 3701 indice

149 3753 346 3812 subsidiorum
369 3753 488 3812 editioni
515 3751 677 3828 praemisso
695 3771 734 3811 ex
753 3752 979 3831 „Manuscnpto
999 3757 1048 3814 vel
1066 3751 1277 3827 Manuscriptis

149 3863 382 3938 exemplaribud'
407 3873 460 3922 aut
484 3864 628 3936 „Vetera
652 3865 822 3938 Veteribus,
848 3865 995 3935 Vetustis,
1020 3863 1131 3921 Vetere
1155 3857 1275 3923 codice''

149 3969 273 4028 haustas
287 3989 350 4029 esse
364 3973 447 4031 dixit.
470 3970 553 4044 Ques
566 3974 705 4033 lectiones
720 3992 788 4033 cum
800 3972 974 4032 Harduinus
992 3972 1023 4030 in
1036 3971 1219 4048 praefatione
1235 3975 1275 4035 ad

146 4079 274 4140 alteram
300 4099 384 4140 suam
411 4082 569 4141 editionem
587 4101 646 4141 non
665 4083 746 4142 eliud
768 4083 822 4141 sibi
846 4082 942 4142 videri
966 4081 1158 4157 affirmasset,
1185 4103 1274 4160 quam

151 4192 259 4252 eruditi
273 4191 435 4267 cuiuspiam
449 4192 535 4252 unius
549 4192 711 4255 alteriusve
724 4193 761 4254 ad
776 4211 858 4254 oram
878 4192 946 4256 libri
959 4197 1109 4274 appositas
1124 4196 1274 4257 coniectu-
