2888 4794
361 272 432 320 nnn.
448 273 495 320 vr.
524 269 848 320 anaxarchum.
878 266 976 317 suar.
990 268 1022 313 ea
1036 268 1069 314 et.
1209 245 1273 312 tta

75 462 79 467 -
148 432 212 498 tur,
238 418 383 504 adeoque
404 422 511 489 omnia
532 422 617 487 circa
636 421 700 489 hoc
720 420 843 486 incerta
864 428 941 485 sunt
961 426 998 482 ut
1020 413 1145 481 Statius
1168 412 1272 481 Sebo-

148 544 204 588 sus
226 544 247 586 a
268 512 458 610 Gorgonum
484 524 598 590 insulis
618 522 900 611 praenavigatione
921 519 1063 585 Atlantis
1085 519 1211 585 dierum
1231 539 1274 581 xr.

148 623 192 689 ad
204 622 426 709 Hesperidum
445 625 568 692 insulas
590 648 719 692 cursum
736 623 923 712 prodiderit,
946 621 987 689 ab
1006 621 1047 686 iis
1066 621 1108 686 ad
1121 619 1276 706 Hesperu

150 746 239 790 ceras
266 724 372 790 unius.
404 725 474 793 Nec
495 725 719 793 Mauretaniae
746 726 923 792 insularum
952 722 1069 789 certior
1096 722 1184 786 fama
1213 729 1273 786 est.

148 825 275 892 Paucas
296 827 392 892 modo
414 837 539 894 constat
559 850 630 894 esse
650 831 692 892 <ix
710 827 844 894 adverso
858 825 1058 904 Autololum,
1081 846 1101 888 a
1118 821 1202 888 Iuba
1221 844 1274 887 re·

148 938 267 1014 pertas,
290 928 462 1013 inquibus
485 927 689 995 Gaetulicam
709 951 886 1016 purpuram
909 928 1057 1013 tinguere
1078 924 1274 1021 instituerat.

190 1027 347 1095 XXXII.
381 1030 432 1094 37.
461 1027 545 1095 Sunt
570 1031 626 1114 qui
651 1031 737 1096 ultra
763 1052 818 1096 eas
838 1029 1034 1094 Fortunatas
1061 1035 1177 1113 putant
1203 1045 1275 1091 esse
1288 1043 1339 1091 ros

152 1132 372 1218 quaedamque
392 1133 481 1210 alias,
502 1154 639 1217 quarum
660 1155 793 1199 numero
812 1132 901 1197 idem
916 1127 1061 1197 Sebosus
1083 1130 1178 1196 etiam
1200 1150 1276 1215 spa-

151 1232 197 1297 tia
210 1234 386 1319 conplexus
399 1232 568 1299 Iunoniam
582 1234 697 1301 abesse
718 1231 901 1300 eGadibus
922 1252 1004 1297 neor.
1024 1231 1090 1298 mil.
1112 1253 1145 1317 p.
1168 1229 1277 1295 tradit.

149 1334 205 1400 Ab
227 1359 265 1400 ea
287 1336 476 1401 tantundem
497 1335 539 1400 ad
560 1356 710 1403 occasum
729 1358 843 1403 versus
858 1333 1052 1402 Pluvialiam
1068 1330 1277 1419 Caprariam·

149 1459 231 1520 que3
263 1439 298 1503 in
327 1438 487 1504 Phrvialia
514 1460 580 1505 non
611 1461 682 1505 eese
711 1461 828 1525 aquam
855 1437 918 1503 nisi
947 1459 989 1501 ex
1016 1435 1185 1501 imbribus.
1220 1432 1277 1500 Ab

148 1537 189 1602 iis
211 1560 268 1603 cen
282 1539 347 1604 mil.
364 1562 397 1626 p.
419 1539 616 1605 Fortunatas
637 1550 748 1605 contra
767 1541 892 1605 laevam
908 1537 1131 1602 Mauretaniae
1151 1538 1186 1601 in
1207 1559 1278 1600 vm.

148 1637 258 1705 horam
278 1640 366 1717 solis,
387 1639 495 1709 vocari
513 1637 669 1706 Invallem
690 1638 892 1705 convexitate
913 1647 946 1703 et
959 1632 1143 1701 Planasiam
1169 1660 1189 1701 a
1203 1658 1278 1722 spe·

150 1741 218 1817 cie,
246 1737 379 1804 Invallis
409 1739 546 1805 circuitu
570 1760 628 1804 ccc
647 1739 714 1807 mil.
737 1762 787 1826 p.;
816 1738 966 1804 arborum
986 1737 1032 1803 ibi
1053 1738 1280 1824 proceritatem
1436 1822 1440 1837 ¹

149 1841 191 1905 ad
213 1862 291 1905 cxrv
313 1841 414 1928 pedes
437 1842 630 1908 adolescere.
659 1840 742 1907 Iuba
763 1842 804 1907 de
818 1840 1008 1906 Fortunatis
1029 1839 1077 1904 ita
1095 1836 1278 1923 inquisivit:
1291 1855 1342 1900 eos

149 1943 209 2009 sub
236 1944 371 2010 meridie
399 1966 527 2029 quoque
548 1943 670 2031 positas
693 1965 765 2009 esse
785 1965 887 2029 prope
909 1964 1076 2021 occasum,
1106 1964 1126 2005 a
1146 1939 1279 2026 Purpu-

147 2043 243 2110 rariis
269 2067 381 2111 ucxxv
405 2045 471 2112 mil.
498 2068 545 2131 p,
572 2046 623 2121 sic¹
644 2054 681 2109 ut
708 2066 766 2109 con
793 2067 891 2131 supra
918 2066 1078 2110 oceasum·
1094 2041 1276 2128 navigetur,

150 2144 226 2208 dein
246 2167 305 2230 per
327 2167 473 2211 eccum
494 2147 560 2211 mil.
582 2168 615 2231 p.
639 2154 729 2211 ortus
750 2154 888 2230 petatur.
911 2144 1055 2210 Primam
1072 2144 1180 2209 vocari
1196 2140 1279 2239 Om-

148 2242 244 2308 brion
270 2246 367 2311 nullis
394 2246 613 2312 aedificiorum
640 2245 803 2332 vestigiis,
829 2244 948 2310 habere
969 2245 1004 2309 in
1024 2244 1187 2310 montibus
1210 2254 1278 2309 sta-

148 2368 267 2432 gnum,
296 2347 424 2414 arbores
447 2347 558 2414 similis
581 2346 723 2425 ferulae,
751 2370 792 2412 ex
819 2347 936 2432 quibus
961 2367 1046 2431 aqua
1067 2347 1278 2434 exprimatur,

149 2471 167 2513 e
194 2449 296 2537 nigris
326 2474 449 2530 amara,
484 2473 525 2516 ex
558 2448 797 2516 candidioribus
829 2450 921 2536 potui
949 2448 1098 2515 iucunda.
1131 2448 1278 2515 Alteram
1292 2462 1343 2508 204

148 2550 288 2618 insulam
301 2550 472 2621 Iunoniam
486 2551 652 2639 appellari,
674 2551 710 2614 in
732 2573 771 2616 ea
791 2550 970 2617 aediculam
991 2572 1063 2618 esse
1085 2560 1209 2616 tantum
1229 2552 1283 2618 la·.

150 2777 210 2821 rem,
227 2763 299 2810 codd.
310 2760 379 2811 Pint.
392 2761 425 2811 ad
436 2758 497 2810 Mel.
510 2759 560 2810 111
573 2764 597 2821 9,
611 2764 635 2809 9.
654 2800 685 2809 -
709 2757 857 2823 Autololum,
868 2759 972 2811 Barbar.
995 2759 1157 2824 Aetololiam,
1169 2765 1223 2814 Rd.
1242 2720 1280 2812 ..-

149 2827 316 2890 constitueret,
329 2831 360 2880 R.

184 2911 199 2973 ξ
212 2919 270 2965 202.
290 2929 341 2974 eas,
354 2905 479 2964 noran
498 2926 548 2974 eas,
558 2908 588 2975 β.
602 2952 634 2962 ..
654 2928 763 2976 quarem,
775 2912 847 2964 Rdr.
865 2929 973 2976 qaorum,
984 2908 1014 2975 β.
1027 2955 1060 2963 ...
1077 2929 1198 2976 numeres,
1210 2930 1231 2965 r.
1244 2953 1277 2968 ...

149 2981 182 3030 ab
196 2998 306 3043 amasae,
318 2983 351 3032 R.
370 3021 403 3030 ..
421 2979 542 3041 imbribus,
555 2981 587 3030 R.
611 2979 689 3042 imbri,
705 2972 801 3030 erar.
815 3020 847 3039 .,.
860 2978 963 3043 laevem,
975 2981 1084 3033 Rara.
1103 2981 1182 3041 laeva,
1195 2977 1225 3043 β.
1244 3022 1277 3033 .-

149 3048 174 3096 in
194 3049 271 3101 VIII.
284 3051 368 3100 horem
381 3047 447 3109 solis,
459 3049 484 3098 R
495 3046 580 3110 (vetus
590 3049 636 3098 lib.
649 3064 690 3112 ap.
703 3047 811 3098 Salmas.
825 3063 907 3097 exerc.
924 3064 949 3113 p.
963 3055 1021 3100 915.
1034 3051 1058 3101 b.
1072 3046 1115 3112 C.)
1134 3048 1159 3098 in
1177 3047 1275 3099 VIIII.

149 3117 233 3167 liorem
245 3116 313 3178 solis,
326 3118 425 3180 STdr.
451 3115 531 3168 VIII.
544 3134 574 3165 m.
583 3134 610 3181 p.
625 3114 701 3165 Orem
712 3114 780 3177 eolis,
792 3109 821 3176 β.
844 3115 870 3164 in
889 3115 969 3167 VIII.
982 3118 1066 3168 iorem
1077 3116 1182 3176 solstitii,
1199 3119 1277 3168 Voss.

149 3187 182 3233 ad
193 3185 255 3233 Mel.
268 3191 292 3246 3,
304 3191 343 3234 10.
355 3200 380 3248 p.
394 3188 452 3236 eto.
471 3225 503 3234 ..
521 3182 654 3244 Inuallem,
666 3184 750 3233 RTd.
773 3185 798 3234 in
809 3184 934 3246 convallis,
945 3185 978 3235 K.
1001 3185 1027 3234 in
1039 3184 1152 3249 mavelle,
1163 3180 1193 3247 β.
1216 3183 1276 3236 Oan-

149 3251 245 3312 vallem,
281 3288 287 3300 .
314 3247 471 3315 Caerelliam,
486 3251 565 3302 Voss.
583 3294 616 3302 ..
635 3253 791 3312 convexitate,
808 3252 870 3301 RK.
893 3253 1137 3315 converteremur.
1156 3271 1173 3303 e
1189 3268 1277 3304 conve-

149 3318 236 3378 xitate,
248 3265 301 3383 lif.
327 3336 345 3369 a
361 3318 509 3382 devexitate,
525 3322 618 3382 Voss.;
642 3328 669 3370 at
688 3334 712 3368 v.
731 3318 846 3370 Oudend.
863 3321 895 3370 ad
911 3320 1008 3369 Lucan.
1026 3325 1050 3381 9,
1069 3327 1124 3370 502.
1147 3322 1188 3372 De
1206 3322 1279 3375 ablu-t

148 3385 202 3434 tivo
221 3401 245 3435 v.
262 3390 294 3437 ad
312 3394 353 3449 34,
375 3396 415 3439 82.
437 3428 469 3438 ..
490 3386 647 3447 Planasiam,
664 3387 742 3436 Voss.
765 3385 898 3447 Planasia,
916 3388 960 3437 Rt.
984 3380 1107 3447 Plam'sia,
1120 3387 1165 3437 Rs
1187 3387 1278 3439 Plani·

148 3453 210 3514 tiem,
222 3456 275 3504 Τό.
295 3455 442 3515 Placet-ias,
453 3455 487 3505 K.
507 3454 664 3515 Planariam,
675 3447 726 3518 βγ.
740 3494 772 3502 -
791 3470 808 3502 a
819 3453 905 3519 specie,
918 3455 979 3504 ΒΤ.
1000 3454 1125 3520 adspicite,
1137 3457 1161 3504 d.
1179 3496 1211 3504 -
1230 3453 1277 3505 In-

49 3544 55 3553 ·
148 3519 235 3579 vellis,
251 3522 335 3571 R'Id.
362 3520 496 3584 Cancellis,
513 3516 565 3586 βγ.
592 3519 746 3582 Oonaalliae,
763 3522 839 3572 Voss.
862 3563 894 3571 -
915 3521 1032 3587 circatae,
1048 3523 1109 3573 BT.
1139 3522 1276 3586 circuitam,

149 3591 195 3652 dy.
214 3629 246 3637 ..
260 3589 405 3654 perderem,
418 3593 441 3641 d.
460 3630 492 3639 ..
514 3589 634 3652 CXIIII,
646 3582 754 3640 Bora.
774 3586 924 3652 GXLIIII,
936 3583 965 3650 β.

183 3676 267 3738 §203.
286 3683 313 3723 at
324 3674 379 3736 aab,
395 3666 424 3722 θ.
444 3674 564 3725 Ceterum
573 3689 597 3723 v.
610 3674 691 3725 Solin.
706 3680 746 3734 56,
760 3681 800 3725 14.
814 3714 846 3724 ..
858 3673 966 3736 meridie,
978 3667 1035 3726 ΒΘ.
1052 3674 1183 3734 meridiem,
1196 3669 1275 3735 Τάβ.

150 3782 182 3789 -
192 3734 403 3806 qaoqaeROTd.
413 3743 469 3795 Om.
480 3737 510 3803 β.
520 3782 552 3790 -
561 3742 770 3807 Porparerr'IaR.
779 3739 934 3800 ..DCXX
937 3736 1098 3804 vneror.
1106 3739 1242 3793 DOCXX
1246 3742 1276 3803 V,

149 3804 178 3868 β.
189 3850 221 3858 ..
232 3801 406 3872 dematur.
419 3809 515 3871 deinde,
527 3805 578 3875 βγ.
588 3851 620 3859 -
632 3807 784 3861 GGOLXX
788 3810 817 3872 V,
827 3802 924 3861 Reor.
940 3807 1141 3873 CCLXXKT.
1153 3807 1276 3870 LXXV,

149 3872 178 3937 β.
200 3877 238 3927 At
253 3893 277 3927 v.
295 3877 423 3929 Gosselin.
440 3879 590 3928 recherches
605 3894 649 3928 sur
663 3879 690 3928 la
706 3878 846 3942 geograph.
866 3882 888 3939 l,
903 3884 960 3929 154.
973 3887 999 3929 ct
1009 3879 1087 3929 Kalb.
1101 3919 1133 3928 ..
1153 3876 1276 3940 Ombrtbn,

149 3945 215 3994 Rob.
232 3942 351 4007 Ondrion,
362 3948 416 3996 Rd.
432 3945 493 3995 Vid.
504 3947 624 3996 Martian.
637 3951 660 4006 6,
675 3948 731 3996 toa.
755 3945 858 4007 Nerion,
871 3947 951 3998 Solin.
964 3952 1005 4008 56,
1019 3952 1059 3997 15.
1071 3987 1103 3997 -
1112 3946 1275 4010 seratam,

150 4013 174 4060 (1.
178 4009 305 4082 Ῑενιιῐςαθ,
316 4013 349 4063 R.
367 4054 399 4063 ..
415 4029 484 4078 aque
496 4012 656 4079 exprimetur,
671 4006 791 4064 aanor
803 4007 894 4076 (aab.)
911 4029 994 4080 equae
1005 4015 1183 4079 exprimentur,
1198 4009 1228 4076 β.
1241 4052 1274 4064 .-

151 4093 215 4154 aa.
240 4105 269 4157 et,
282 4098 305 4145 d.
324 4111 362 4158 ea,
374 4092 425 4161 βγ.
444 4138 475 4148 ..
489 4098 582 4161 petias,
595 4100 619 4149 d.
722 4157 725 4163 ¹

184 4179 269 4240 5204.
286 4194 346 4242 eam,
357 4179 389 4230 R.
412 4221 438 4230 -
465 4191 555 4233 tantam
567 4179 664 4249 lepide,-
681 4191 725 4234 aut
736 4184 803 4235 Plin.
821 4185 973 4235 adiectivum
986 4183 1110 4237 Graecum
1126 4176 1275 4246 μονόλιθος
