2888 4794
138 301 188 343 xn
608 299 797 343 rasuram.

138 455 244 513 saltem
264 461 365 530 aperte
386 454 543 526 mendosis,
566 472 640 530 quae
661 454 778 529 quidem
799 470 895 526 secus,
915 458 946 511 et
958 462 1047 527 recta,
1061 453 1093 512 in
1109 457 1263 532 exampla-

137 564 219 622 ribus
241 562 307 622 aliis
327 565 474 639 legrmtur.
497 560 622 621 Praeter
643 563 719 622 enim
741 581 830 639 quam
851 564 930 638 quod
951 583 987 623 aa
1006 564 1121 622 ratione
1141 564 1262 624 nimium

137 680 318 733 excresceret
348 690 437 749 opus,
466 673 603 732 taedebat
632 691 686 731 nos
712 691 834 750 operam
866 673 987 750 perdere
1011 675 1043 733 in
1070 675 1263 748 congerendis

136 784 241 842 erratis
261 783 334 841 nihil
355 801 495 858 umquam
515 781 689 857 profuturis.
719 781 787 840 Hac
807 783 895 841 etiam
917 784 955 841 de
976 801 1066 842 causa
1086 784 1193 843 missas
1214 783 1263 842 ia·

137 911 201 952 cere
226 893 410 952 decrevimus
431 891 589 950 nonnullas
611 892 761 964 minutias,
790 910 866 966 quae
887 886 1105 968 quomodolibet
1124 893 1264 970 legantur

136 1004 223 1062 nauci
236 1022 295 1061 non
308 1003 437 1061 intereat.
459 1000 630 1060 Cuiusmodi
651 1020 686 1060 ea
707 1019 773 1060 esse
792 1003 931 1060 videntur
950 1002 1016 1061 loca
1036 1020 1095 1061 non
1109 1020 1215 1080 pauca,
1231 1003 1263 1060 in

136 1113 243 1191 quibus
265 1112 381 1170 diverso
402 1111 460 1169 situ
482 1112 620 1170 ordineve
642 1111 780 1170 orationis
802 1112 947 1171 vocabula
967 1120 1135 1170 occurrunt.
1158 1109 1260 1184 Quae-

137 1222 206 1279 dam
227 1228 325 1280 tamen
346 1220 433 1280 huius
454 1221 568 1296 generis
590 1197 800 1292 transtulimus,
824 1222 1066 1297 quotiescumque
1081 1221 1191 1279 scilicet
1206 1241 1263 1280 vo-

130 1350 204 1411 'cum
236 1330 389 1389 collocatio
420 1331 452 1388 in
479 1349 535 1388 ms.
564 1330 723 1406 exemplari
749 1331 958 1406 elegantiorem
990 1330 1264 1405 concinnioremque

136 1439 289 1516 periodum
310 1439 408 1497 iacere
428 1440 558 1516 magisve
578 1440 761 1517 perspicuam
783 1441 955 1499 sententiam
981 1439 1103 1498 reddere
1124 1439 1189 1498 visa
1206 1458 1263 1498 no·

137 1548 180 1606 bis
202 1547 268 1619 iuit,
290 1549 421 1607 adhibite
439 1550 472 1606 in
493 1549 645 1608 consilium
658 1550 805 1607 iudicandi
825 1549 992 1608 facultate.''
1012 1549 1092 1608 Hinc
1105 1549 1178 1607 nihil
1192 1556 1262 1625 pot-

137 1666 185 1718 est
212 1659 314 1717 coniici
341 1677 380 1716 ex
405 1659 521 1717 silentio
549 1660 600 1717 vel
621 1660 795 1718 collatorum
824 1661 874 1719 vel
899 1659 986 1719 huius
1006 1658 1155 1731 editionis,
1185 1659 1265 1734 quod

138 1770 279 1829 damnum
310 1768 496 1843 aliquatenus
526 1786 562 1826 eo
594 1770 734 1842 sarcitur,
768 1770 941 1844 quodcum
967 1768 1114 1827 Toletano
1141 1786 1265 1845 prorsus

138 1880 286 1957 conspirat
305 1879 479 1937 Parisiensis
501 1879 531 1951 d,
553 1879 583 1936 id
607 1880 687 1953 quod
708 1879 785 1937 inira
804 1880 940 1956 pluribus
962 1896 1117 1955 exponam.
1143 1878 1264 1938 Utram-

137 2008 195 2066 que
221 2007 292 2048 vero
318 1988 519 2060 collationem,
548 1996 578 2047 et
602 1989 729 2047 Pintiaui
757 1997 787 2047 et
806 1991 1010 2066 presbyterum
1041 1963 1264 2060 Toletanorum‚

136 2100 179 2157 ita
192 2098 422 2173 coniungendam
435 2098 548 2175 putavi,
570 2105 605 2155 ut
625 2098 678 2156 ubi
699 2099 730 2156 in
751 2107 877 2173 utraque
897 2099 975 2156 idem
996 2097 1156 2156 referretur
1174 2098 1223 2156 vel
1237 2098 1264 2156 si

138 2208 245 2267 diversi
264 2208 322 2265 loci
340 2204 471 2264 Pliniani
493 2207 526 2265 in
547 2207 689 2264 alterutra
709 2208 839 2283 excerpti
858 2208 1076 2279 invenirentur,
1098 2209 1189 2267 verba
1210 2225 1263 2266 co·

35 2312 39 2328 ’
138 2317 220 2388 dicis,
243 2317 289 2374 uti
310 2323 362 2373 aut
381 2316 419 2373 ab
440 2317 573 2390 utrisque
593 2326 646 2375 aut
666 2318 704 2375 ab
725 2318 868 2376 alterutro
889 2318 967 2376 lecta
988 2325 1095 2389 essent,
1123 2316 1265 2376 transcri-

138 2429 251 2496 berem3
273 2425 359 2484 aliter
384 2443 433 2483 res
454 2425 511 2485 luit
530 2426 560 2483 in
580 2426 682 2502 paucis
702 2426 760 2484 illis
780 2426 868 2498 locis,
898 2428 949 2485 ubi
969 2427 1087 2502 utrique
1108 2425 1265 2485 collatores

139 2537 256 2595 diversa
276 2536 472 2612 protulerunt.
496 2533 575 2592 Tum
598 2536 640 2594 ita
653 2553 740 2612 agere
755 2537 896 2613 optimum
912 2537 1076 2608 videbatur,
1091 2545 1126 2594 nt
1139 2535 1266 2612 scriptu-

139 2665 190 2704 rae
209 2645 328 2720 qualem
350 2663 416 2703 eam
435 2643 589 2704 Pintianus
603 2645 717 2727 legarat
729 2645 833 2722 siglam
851 2665 1028 2723 apponerem
1043 2645 1099 2717 T¹,
1113 2645 1267 2704 recentiori

139 2756 302 2814 testimonio
322 2754 427 2831 siglam
441 2755 495 2814 T2.
521 2755 562 2813 Et
581 2756 758 2830 estquidam
773 2757 866 2814 codex
879 2756 1053 2826 Toletanus,
1068 2756 1204 2832 scriptus,
1220 2756 1266 2813 uti

139 2867 304 2946 presbyteri
316 2866 361 2923 illi
374 2872 501 2938 censent,
515 2866 592 2922 inter
606 2882 682 2923 saec.
696 2864 891 2937 XI-XIH„
907 2883 983 2923 unus
994 2883 1011 2922 e
1022 2865 1201 2935 melioribus,
1217 2873 1265 2922 to-

139 2974 283 3046 tesiam,
307 2974 386 3049 quod
405 2974 492 3031 iidem
512 2974 567 3030 viri
587 2974 664 3032 docti
680 2974 903 3047 intellexerunt,
926 2974 1095 3051 conspirans
1114 2993 1181 3034 cum
1201 2973 1265 3032 Pa-

138 3083 254 3142 risiensi
268 3082 297 3153 d,
312 3082 391 3139 unde
405 3099 480 3156 quae
493 3082 531 3140 de
545 3083 702 3142 virtutibus
716 3092 746 3142 et
759 3085 838 3143 vitiis
852 3085 940 3143 huius
954 3085 1023 3143 libri
1033 3083 1110 3142 inira
1120 3084 1264 3155 dicentur,

139 3193 281 3270 pleraque
306 3193 404 3249 omnia
427 3192 456 3250 in
476 3191 654 3250 Toletanum
676 3194 793 3252 cadunt.
818 3194 885 3252 Hoc
902 3201 1002 3252 tamen
1020 3195 1086 3252 loco
1104 3191 1180 3250 illud
1198 3192 1265 3250 ani-

140 3301 383 3366 madvertendum
397 3308 452 3374 ast,
467 3301 547 3361 hunc
561 3319 678 3378 quoque
693 3304 820 3362 codicem
834 3305 1022 3382 desumptum
1036 3320 1100 3361 essa
1116 3320 1154 3360 ex
1164 3299 1267 3359 arohe-

140 3417 211 3488 typo
230 3411 336 3470 litteris
357 3411 521 3470 uncialibus
540 3421 672 3485 exarato,
693 3414 772 3499 quod
785 3415 862 3472 inter
876 3415 936 3472 alia
948 3415 1076 3490 probant
1089 3407 1120 3485 3,
1136 3405 1199 3483 30„
1214 3410 1267 3469 ubi

140 3540 195 3603 pro
210 3523 363 3598 imperator
376 3521 465 3580 habet
475 3541 577 3599 nuper,
589 3531 619 3581 et
629 3519 659 3594 6,
673 3518 735 3594 79„
746 3524 862 3600 ubipro
873 3525 1023 3582 anthabet
1035 3525 1093 3582 aci.
1107 3521 1267 3579 Praeterea

86 3603 95 3617 ἱ
141 3631 214 3690 vitia
232 3630 321 3690 habet
340 3649 410 3689 suae
429 3633 518 3690 aetati
537 3633 716 3704 communia,
736 3638 864 3691 ceterum
882 3633 1081 3709 descriptura
1100 3630 1178 3688 libro
1198 3646 1268 3688 cum

46 3776 53 3787 ι
140 3740 286 3813 Leidensi,
307 3741 468 3815 Vossiano,
487 3742 698 3814 Riccardiano,·
710 3744 818 3802 nedum
836 3741 1047 3821 Bambergansi
1065 3758 1125 3800 non
1146 3757 1267 3816 compe-

140 3852 233 3910 rando
252 3862 282 3912 at
299 3871 358 3911 non
376 3870 436 3910 uno
455 3853 521 3911 loco
535 3853 744 3928 interpolatum
758 3853 800 3910 ita
813 3847 866 3925 32,
883 3849 913 3912 9.
927 3872 983 3931 pro
997 3853 1119 3929 vulgato
1134 3853 1268 3926 inpactae

141 3960 274 4019 hebetia
285 3973 374 4039 pcata
381 3986 392 4031 ,·
403 3958 456 4035 31,
467 3958 520 4021 47.
534 3963 632 4039 inepte
646 3962 763 4020 additur
776 3981 897 4036 musca,
913 3981 989 4037 quaa
1003 3981 1064 4021 vox
1078 3980 1095 4019 e
1108 3959 1267 4036 superiori·

142 4071 198 4128 bus
213 4069 350 4130 facillime
365 4074 496 4151 suppleri
508 4079 619 4150 potest3
635 4072 768 4132 similiter
782 4067 834 4146 34,
851 4069 902 4132 99.
916 4091 972 4149 pro
986 4073 1115 4142 trabunt,
1132 4088 1200 4129 cum
1210 4069 1268 4127 hoo

142 4180 173 4238 in
195 4182 313 4242 tradunt
330 4182 462 4258 abiisset,
483 4182 648 4242 Tolatunus
667 4201 734 4244 cum
756 4183 918 4243 Parisiensi
930 4184 951 4241 d
964 4183 1053 4243 habet
1066 4185 1186 4242 tradunt
1200 4200 1276 4241 acne
