2888 4794
634 301 743 347 arnna
765 301 787 345 r.
1228 278 1269 339 23

152 450 249 516 Tauri
271 450 398 528 montis,
426 448 559 534 Lyciae,
584 448 710 529 Cariae,
732 450 873 527 Ioniae⁸,
895 448 1054 526 Aeolidis,
1077 446 1214 512 Troadis
1237 456 1270 511 et

65 626 74 639 ¹
151 553 374 617 adiunctarum
395 553 540 640 gentium
548 558 571 630 ⁰,
599 553 774 619 insularum
795 561 868 616 ante
889 551 1003 616 Asiam
1026 567 1136 627 ccxn,
1164 548 1198 612 in
1219 547 1269 612 his

152 650 255 740 Cypri
267 661 301 733 ¹⁰,
329 653 451 732 Rhodi,
481 651 585 733 Sami,
615 651 704 732 Chii,
732 654 842 719 Lesbi.
876 651 1119 737 Hellespontus,
1148 648 1267 734 Mysia,

149 754 304 843 Phrygia,
332 752 467 840 Galatia,
484 767 517 820 et
537 756 707 821 adiunctae
729 766 843 844 gentes
856 762 891 832 ¹¹,
919 753 1082 837 Bithynia.
1119 750 1266 817 Summa:

140 858 270 944 oppida
292 868 324 922 et
344 868 500 945 gentes..
515 906 522 922 .
537 907 545 922 .
571 855 704 922 Summa
715 865 754 924 ¹²:
777 859 908 923 flumina
924 858 1028 924 clara.
1042 905 1050 919 .
1064 903 1071 918 .
1086 903 1094 919 .
1120 851 1267 919 Summa:

149 960 307 1032 montium
322 960 398 1026 clari
410 1008 418 1024 .
431 1008 439 1024 .
454 1007 483 1024 ..
507 957 654 1025 Summa:
675 961 809 1039 insulae,
826 977 943 1024 oxvrrr
957 965 990 1023 ¹³.
1018 955 1169 1028 Summa:
1186 975 1268 1038 quae

150 1063 342 1128 intercidere
356 1062 476 1147 oppida
490 1072 546 1125 aut
565 1073 678 1149 gentes
693 1071 716 1107 ¹⁴
732 1113 739 1128 .
753 1113 761 1128 .
776 1111 805 1127 ..
831 1060 979 1127 Summa:
1002 1082 1054 1125 res
1077 1068 1110 1124 et
1122 1064 1147 1101 ¹⁵
1167 1056 1267 1121 histo-

150 1164 216 1228 riae
238 1174 272 1228 et
292 1163 530 1229 observationes
553 1211 628 1230 ....

191 1264 249 1329 Ex
270 1265 525 1330 Andromene:
559 1265 718 1353 Agrippa,
749 1263 905 1332 Suetonio
932 1264 1078 1341 Paulino,
1106 1259 1154 1325 M.
1182 1258 1267 1324 Var-

150 1388 228 1432 rone
242 1373 276 1445 a,
299 1366 445 1433 Varrone
466 1366 616 1445 Atacino,
641 1365 791 1433 Cornelio
812 1366 948 1452 Nepote,
971 1365 1118 1452 Hygino,
1139 1361 1181 1426 L.
1198 1359 1266 1426 Ve-

152 1478 234 1546 tere,
263 1467 367 1547 Mela,
395 1467 539 1534 Domitio
563 1466 761 1547 Corbulone,
784 1468 912 1534 Licinio
933 1466 1102 1544 Muciano,
1132 1462 1267 1529 Claudio

151 1566 300 1649 Caesare,
327 1569 495 1648 Arruntio,
522 1568 618 1636 Livio
639 1571 715 1649 filio,
750 1570 885 1649 Seboso,
915 1569 996 1639 actis
1024 1567 1266 1653 triumphorum.

192 1671 394 1737 Exrrarrs:
431 1671 513 1737 Iuba
539 1695 632 1761 rege,
665 1673 846 1751 Hecataeo,
879 1672 1066 1750 Hellanico,
1100 1668 1266 1747 Damaste,

149 1770 365 1850 Dicaearcho,
392 1771 537 1839 Baetone
550 1781 589 1851 ¹⁷,
618 1773 839 1851 Timosthene,
866 1772 1052 1850 Philonide,
1079 1770 1266 1858 Xenagora,

148 1873 341 1958 Astynome,
359 1872 527 1958 Staphylo,
543 1873 729 1952 Aristotele,
745 1874 950 1951 Aristocrito,
969 1872 1139 1957 Dionysio,
1155 1870 1267 1957 Epho-

148 1998 197 2054 r0,
217 1974 442 2052 Eratosthene,
458 1974 657 2059 Hipparche,
672 1975 837 2054 Panaetio,
861 1972 1038 2060 Serapione
1051 1972 1266 2049 Antiocheno,

149 2075 361 2154 Callimacho,
383 2075 579 2163 Agathocle,
601 2075 756 2161 Polybio,
779 2076 912 2140 Timaeo
933 2075 1173 2153 mathematico,
1195 2073 1267 2140 He·

149 2179 273 2258 rodoto,
297 2177 445 2263 Myrsilo,
468 2177 655 2244 Alexandro
677 2179 884 2264 polyhistore,
908 2176 1106 2254 Metrodoro,
1128 2175 1266 2242 Posido·

148 2281 202 2344 nio
224 2281 280 2364 qui
301 2281 462 2363 περίπλουν
485 2289 540 2345 aut
561 2283 747 2365 περιήγησιν,
777 2278 913 2358 Sotade,
935 2279 1112 2345 Periandro
1126 2285 1165 2357 ¹⁸,
1188 2278 1266 2344 Ari-

149 2381 276 2447 starcho
294 2378 458 2466 Sicyonio,
479 2380 628 2460 Eudoxo,
648 2382 823 2473 Antigene,
847 2379 1027 2460 Callicrate,
1048 2380 1268 2468 Xenophonte

149 2483 387 2569 Lampsaceno,
423 2482 578 2549 Diodoro·
603 2482 823 2569 Syracusano,
859 2484 1036 2563 Hannone,
1073 2482 1266 2561 Himilcone,

149 2583 389 2670 Nymphodoro,
418 2581 616 2670 Calliphana
639 2585 857 2665 Artemidoro,
879 2585 1103 2674 Megasthene,
1131 2585 1268 2663 Isidoro,

150 2684 317 2764 Cleobule,
340 2687 592 2753 Aristocreonte.

393 2857 543 2934 LIBRO
573 2860 636 2934 VI.
666 2857 1023 2936 CONTINENTUR

150 2990 253 3072 Situs,
275 3002 400 3080 gentes,
423 2992 533 3070 maria,
557 2986 686 3078 oppida,
709 3003 833 3079 portus,
856 3004 991 3071 montes,
1014 2990 1155 3070 flumina,
1178 3014 1269 3058 men-

149 3116 253 3172 surae,
276 3094 387 3180 populi
407 3095 464 3178 qui
485 3105 560 3159 sunt
580 3104 637 3160 aut
657 3095 798 3173 fuerunt,
821 3093 918 3160 Ponti
931 3103 948 3172 ¹,
971 3094 1269 3180 Mariandynorum,

150 3194 410 3284 Paphlagonum,
440 3194 686 3284 Cappadocum,
715 3198 988 3282 Themiscyrena2
1009 3197 1100 3286 regio
1124 3208 1157 3276 et
1177 3198 1211 3263 in
1233 3219 1271 3264 ea

150 3387 183 3437 R.
195 3385 303 3450 Aegypti
312 3384 421 3448 chorea.
440 3383 709 3451 &Syriaeldamaeaa
723 3392 775 3440 Td.
794 3387 931 3438 Idumaeae
940 3386 1039 3453 Syriae,
1048 3389 1132 3439 Aac.
1151 3387 1185 3438 Et
1196 3389 1269 3440 adiic.

151 3456 204 3506 Td.
240 3460 264 3504 4.
276 3452 425 3514 Palisteaes,
441 3455 475 3503 A.
493 3454 646 3517 Palestinae,
660 3473 681 3505 a.
719 3463 741 3506 5.
756 3456 847 3521 Syriae
863 3453 956 3517 Coeles,
968 3458 1051 3506 Aac.
1074 3453 1225 3520 Coelesyrr'e‚
1239 3459 1270 3507 Τ.

154 3517 336 3637 Celesgyrieffl.
373 3528 396 3572 6.
414 3520 587 3572 adiunctaram
598 3525 712 3586 yeat'am,
729 3527 762 3575 A.
786 3521 918 3573 adiunctae
929 3533 1022 3587 pentes,
1035 3524 1137 3575 RTad.
1176 3527 1197 3574 7.
1216 3523 1269 3575 Ho-

151 3606 224 3640 maaa
243 3607 290 3651 am,
303 3591 334 3639 T.
348 3588 501 3651 omanadum,
512 3591 618 3641 ARad.
654 3599 677 3642 8.
690 3591 884 3653 IoniaaARc.
900 3603 923 3642 et
935 3593 1031 3652 Ioniae,
1045 3594 1075 3642 T.
1103 3599 1126 3642 9.
1140 3591 1271 3642 adiuncta

151 3657 330 3722 rumpentium,
343 3661 376 3710 A.
395 3657 526 3708 adiunctae
537 3668 629 3721 pectes,
642 3662 725 3710 RTd.
762 3668 800 3711 10.
817 3658 975 3726 Cypricochr’i,
989 3662 1041 3710 Td.
1079 3667 1117 3710 11.
1134 3658 1272 3709 Calatiaet
1308 3660 1314 3671 ⁸

113 3786 116 3791 .
151 3723 291 3787 adiunctae,
308 3728 332 3776 d
358 3724 474 3777 Calatiae
491 3728 595 3788 iunctae,
612 3729 645 3777 A.
672 3725 775 3779 Calatia
791 3740 813 3779 et
825 3730 955 3791 iniunctae,
972 3730 1033 3779 ΒΤ.
1070 3736 1108 3779 12.
1122 3725 1228 3787 Samma,
1246 3735 1272 3778 et

150 3793 275 3843 hocloco
292 3801 317 3844 et
339 3805 428 3858 quater
443 3797 561 3858 deinceps
582 3796 663 3845 omitt.
680 3799 734 3847 Ad.
760 3805 798 3847 13.
819 3794 953 3860 CXVIII,
969 3798 1049 3847 ΑΒΓ.
1076 3792 1198 3856 CXVII,
1217 3796 1270 3845 Ta.

154 3855 336 3923 CCCXVIII,
353 3864 432 3913 Hard.
470 3869 508 3913 14.
527 3862 665 3924 audientes,
682 3867 715 3914 A.
754 3872 792 3915 15.
806 3875 834 3925 et,
847 3868 902 3916 Ad.
922 3867 978 3916 Om.
993 3866 1053 3914 ΒΤ.
1092 3870 1130 3913 16.
1148 3861 1186 3911 M.
1207 3862 1271 3913 Var-

118 3948 121 3953 ·
152 3943 220 4043 ἓοπθ,
224 3945 288 4048 1pm.
310 3932 341 3980 T.
384 3935 422 3981 17.
441 3929 558 3991 Baetone,
580 3933 663 3981 ARd.
693 3931 781 3993 Bioae,
807 3934 837 3982 T.
881 3941 919 3985 18.
937 3930 1089 3991 Periandro,
1112 3932 1142 3980 T.
1170 3929 1270 3995 Pyran-

171 4012 206 4057 ra,
256 3999 309 4047 Rd.
1177 4006 1180 4010 '

186 4063 228 4114 Ad
241 4065 349 4116 indicem
360 4067 418 4115 libri
430 4068 477 4116 VI.
490 4069 593 4117 adhibui
605 4070 685 4118 RTd.
704 4070 744 4118 De
757 4086 772 4116 a
783 4068 833 4116 vid.
847 4070 878 4116 ad
891 4069 944 4116 libr.
958 4067 992 4116 II.

189 4138 210 4181 1.
228 4131 315 4195 Ponti,
333 4135 407 4184 Tad.
430 4134 508 4185 Ponti
527 4145 556 4193 et,
573 4137 603 4185 R.
640 4143 663 4185 2.
696 4135 899 4200 I‘lterrrr'scyreaa,
923 4137 974 4186 Td.
1002 4133 1201 4198 erectarum,
1219 4137 1270 4187 Ra.

156 4198 337 4267 Themiscyrae,
357 4204 432 4253 Berb.
