2888 4794
202 281 264 346 180
550 295 754 344 narsaeus
777 295 973 345 msronmu

199 451 233 516 in
247 450 333 516 nube
349 449 533 527 tonitruum,
556 471 616 514 nec
630 448 738 514 hiatus
753 448 840 514 aliud
854 471 950 533 quam
973 471 1046 516 cum
1069 449 1190 517 fulmen
1212 473 1323 519 erum-

199 554 257 639 pit,
282 554 405 618 incluso
427 550 543 636 spiritu
562 552 702 617 luctante
722 560 756 617 et
775 552 817 616 ad
836 551 1017 617 libertatem
1038 553 1125 619 exire
1144 554 1278 621 nitente.

240 653 392 718 LXXX.
426 654 477 718 82.
501 652 599 719 Varie
614 654 723 738 itaque
737 652 880 737 quatitur
900 664 932 719 et
951 655 1031 720 mira
1049 656 1189 722 eduntur
1209 680 1321 744 opera,
1339 678 1389 726 res

198 756 273 822 alibi
295 756 461 842 prostratis
482 755 667 834 moenibus,
690 755 766 821 alibi
787 756 878 821 hiatu
898 757 1061 843 profundo
1082 757 1221 838 haustis,
1244 760 1322 826 alibi

198 860 316 948 egestis
341 858 496 936 molibus,
525 857 602 923 olibi
624 858 748 924 emissis
771 858 933 938 amnibus,
961 872 1201 944 nonnumquam
1223 863 1322 928 etiam

196 962 327 1050 ignibus
343 961 496 1026 calidisve
511 960 665 1040 fontibus,
689 961 765 1026 alibi
779 983 892 1027 averso
906 960 1073 1027 fluminum
1088 985 1194 1028 cursu.
1216 962 1319 1030 Prae-

196 1064 283 1129 cedit
308 1085 384 1128 vero
412 1062 643 1148 comitaturque
671 1063 821 1129 terribilis
849 1085 962 1142 sonus,
993 1064 1071 1128 alias
1096 1066 1251 1130 murmuri
1273 1067 1318 1132 si-

194 1166 294 1243 milis,
323 1165 401 1230 alias
428 1165 604 1253 mugitibus
626 1175 682 1231 aut
708 1165 838 1231 clamori
860 1165 999 1231 humano
1021 1188 1221 1233 armorumve
1242 1169 1317 1254 pul-

196 1267 334 1331 santium
356 1266 487 1354 fragori,
510 1290 569 1352 pro
591 1267 744 1351 qualitate
766 1268 916 1334 materiae
939 1269 1128 1354 excipientis
1149 1269 1318 1355 formaque

195 1371 247 1434 vel
270 1391 476 1435 cavernarum
491 1369 542 1435 vel
558 1370 696 1436 cuniculi
710 1393 769 1456 per
784 1391 881 1454 quem
894 1381 990 1450 meet,
1014 1371 1129 1437 exilius
1150 1384 1318 1459 grassante

193 1471 228 1536 in
255 1482 409 1560 angusto,
441 1470 554 1536 eodem
579 1492 677 1536 rauco
703 1471 738 1536 in
763 1471 924 1550 recurvis,
954 1472 1130 1538 resultante
1155 1474 1189 1538 in
1215 1475 1316 1554 duris,
1388 1500 1391 1507 ’

194 1573 350 1639 fremente
364 1573 398 1638 in
412 1572 541 1651 umidis,
563 1572 737 1639 fluctuante
758 1574 793 1638 in
815 1574 1049 1666 stagnantibus,
1072 1575 1217 1641 fervente
1237 1596 1316 1640 con·
1350 1620 1353 1624 -

80 1762 84 1769 ἢ
193 1686 243 1740 tra
257 1675 367 1741 solida.
396 1673 511 1759 Itaque
531 1685 563 1740 et
583 1675 652 1740 sine
673 1684 763 1740 motu
785 1698 881 1762 saepe
904 1676 1011 1741 editur
1032 1696 1139 1767 sonus,
1161 1699 1222 1742 nec
1237 1677 1314 1742 sim·
1332 1693 1381 1736 194

192 1778 268 1865 plici
294 1777 390 1843 modo
417 1777 560 1861 quatitur
585 1799 738 1871 umquam
766 1778 824 1842 sed
851 1778 959 1844 tremit
984 1778 1162 1864 vibratque.
1194 1777 1316 1843 Hiatus

156 1872 160 1880 ¹
192 1903 270 1947 vero
292 1880 370 1946 alias
391 1890 535 1946 remanet
557 1880 729 1946 ostendens
751 1903 836 1965 quae
857 1881 991 1960 sorbuit,
1013 1881 1092 1947 alias
1105 1881 1245 1964 occultat
1258 1902 1316 1948 ore

193 2004 365 2069 conpresso
385 2005 563 2067 rursusque
581 1983 627 2063 ita
642 1983 775 2048 inducto
791 1982 859 2048 solo
873 1994 911 2058 ut
924 1984 1011 2050 nulla
1025 1983 1162 2071 vestigia
1175 1991 1313 2061 exstent,

192 2084 327 2151 urbibus
341 2085 529 2171 plerumque
544 2084 706 2150 devoratis
721 2106 937 2172 agrorumque
959 2094 1064 2150 tractu
1084 2085 1208 2149 hausto
1237 2083 1313 2148 Ma-

191 2185 298 2250 ritima
330 2195 437 2252 autem
468 2207 617 2250 maxume
651 2186 840 2268 quatiuntur
868 2207 928 2251 nec
953 2196 1123 2251 montuosa
1148 2185 1203 2251 tali
1229 2186 1315 2252 malo

193 2297 320 2364 cerent3
347 2287 549 2374 exploratum
576 2287 654 2352 mihi
681 2296 731 2352 est
750 2287 846 2373 Alpis
866 2286 1162 2373 Appenninumque
1184 2287 1314 2373 saepius

192 2390 370 2454 tremuisse.
407 2388 453 2453 Et
479 2399 632 2454 autumno
661 2411 699 2454 ac
728 2411 804 2454 vere
831 2399 934 2455 terrae
962 2390 1105 2456 crebrius
1132 2399 1378 2468 moventur,‘¹95

193 2492 278 2558 sicut
299 2491 441 2557 fulmina.
470 2490 549 2556 Ideo
564 2488 689 2558 Galliae
711 2500 743 2556 et
756 2489 931 2579 Aegyptus
952 2493 1093 2558 minume
1115 2490 1312 2576 quatiuntur,

87 2658 89 2663 .
194 2594 344 2678 quoniam
365 2594 417 2660 hic
439 2593 570 2660 aestatis
592 2615 689 2660 causa
709 2593 833 2672 obstat,
860 2595 925 2662 illic
946 2594 1070 2661 hiemis.
1105 2593 1189 2660 Item
1214 2602 1315 2658 noctu

194 2697 322 2783 saepius
345 2720 441 2782 quem
461 2696 611 2762 interdiu.
638 2695 788 2762 Maxumi
810 2707 916 2763 autem
937 2707 1044 2780 motus
1064 2696 1224 2762 exsistunt
1241 2715 1313 2758 ma·
1350 2725 1353 2729 ·

192 2799 288 2866 tutini
302 2799 551 2886 vespertinique,
568 2799 626 2865 sed
639 2799 820 2889 propinqua
832 2801 905 2865 luce
920 2799 1035 2876 crebri,
1049 2797 1191 2864 interdiu
1205 2804 1313 2862 autem

226 2901 362 2994 thonitrua,
374 2931 425 2981 Its
443 2915 524 2992 thenit,
536 2931 561 2980 R
570 2932 585 2979 ¹.
599 2970 631 2979 ..
643 2947 703 2992 cum,
714 2931 740 2981 R
750 2931 807 2980 ¹ad.
826 2931 898 2995 qnod,
910 2931 960 2981 R².
980 2971 1012 2980 ..
1022 2895 1128 2995 soimeri,
1139 2930 1164 2980 R
1176 2925 1218 2991 (en
1230 2928 1257 2978 in
1272 2943 1313 2978 rs·

88 3001 91 3007 ’
191 2997 271 3062 sura.)
288 3001 329 3049 (1².
346 2999 452 3063 flumen,
465 3015 487 3048 a.
502 2985 617 3062 fulmine,
629 2996 670 3048 d¹.
690 3036 721 3046 ..
742 2996 842 3062 rumpit,
854 3001 878 3049 d.
897 3038 929 3047 ..
948 2997 1105 3060 ladanth.

226 3066 241 3127 §
256 3073 312 3116 193.
330 3065 385 3126 mir,
397 3069 429 3116 R.
444 3105 473 3114 -
493 3063 606 3126 edantur,
617 3066 687 3115 Rae
697 3062 826 3128 (Robert.)
844 3066 943 3129 dantur,
955 3067 1008 3116 Td.
1028 3107 1060 3115 ..
1081 3063 1314 3116 alibi-moenibus

193 3136 275 3184 omitt.
288 3134 313 3183 R
325 3131 454 3196 (Robert.)
474 3170 504 3181 -
523 3133 623 3194 haustu,
639 3134 671 3181 R.
691 3174 722 3182 ..
741 3130 827 3194 aliubi,
844 3134 876 3183 R.
896 3175 928 3183 ..
946 3149 1043 3195 averso,
1060 3123 1232 3184 Rsrtladr
1247 3128 1313 3192 (Ro-

192 3198 268 3262 bert.)
286 3199 401 3262 aduerso,
410 3195 439 3262 β
453 3240 485 3249 ..
497 3198 624 3261 murmuri,
637 3193 718 3250 s²0r
730 3197 821 3264 (Rob.)
839 3217 968 3264 mamere,
979 3200 1029 3251 13¹.
1047 3217 1162 3261 manner,
1175 3195 1266 3263 adssr.
1280 3239 1312 3248 -

192 3267 291 3330 similia
308 3259 434 3318 R²0adr
451 3264 580 3331 (Robert.)
604 3265 707 3330 similes,
722 3268 773 3318 R1.
797 3267 913 3331 similius,
929 3264 980 3334 βγ.
999 3310 1030 3318 ..
1055 3267 1133 3330 aliae,
1153 3259 1198 3317 Or.
1223 3266 1312 3318 Omitt.

192 3337 261 3387 Rad
277 3333 406 3399 (Robert.)
421 3331 472 3400 βγ.
497 3375 529 3385 ..
552 3338 711 3397 arborumre,
729 3329 758 3385 θ.
782 3375 814 3385 ..
830 3337 1000 3401 firmamque,
1017 3339 1050 3386 R.
1073 3377 1105 3385 ..
1130 3350 1205 3400 quem,
1220 3333 1313 3384 RSad

193 3401 323 3468 (Robert.)
347 3421 401 3470 que,
419 3406 450 3454 T.
474 3445 505 3453 ..
529 3413 603 3466 meet,
622 3403 717 3454 R²Td
740 3413 769 3466 et,
785 3403 851 3454 R¹a
866 3405 910 3467 fit,
927 3405 946 3456 S
964 3401 1094 3468 (Robert.)
1116 3412 1189 3464 meat,
1205 3396 1255 3466 βγ.
1280 3442 1312 3450 ..

193 3475 281 3537 exitus,
294 3474 312 3526 S
325 3470 454 3536 (Robert.)
475 3513 504 3521 ..
516 3473 645 3536 fremente,
661 3462 706 3522 Or.
723 3472 846 3535 feroeme,
858 3473 1006 3537 RTadoy.
1025 3513 1057 3522 .-
1075 3470 1110 3532 in,
1122 3461 1221 3521 Reor.
1240 3467 1313 3530 etin,

192 3559 215 3593 a.
235 3583 267 3592 ..
285 3543 317 3602 in,
329 3543 382 3592 ΒΤ
391 3533 479 3591 Oadr.
504 3549 534 3602 et,
546 3535 575 3602 β,
593 3555 644 3603 qua
657 3555 690 3590 ex
701 3541 825 3604 scriptura
840 3541 1009 3604 interpunctio
1026 3540 1103 3590 huius
1114 3539 1165 3588 loci
1181 3539 1208 3586 in
1224 3538 1313 3587 eadem

192 3611 302 3661 editione
321 3610 456 3674 paululum
477 3616 516 3658 est
535 3607 676 3657 immutata.
710 3648 742 3656 -
766 3608 887 3671 fervente,
908 3599 1065 3658 RTOa¹dr
1090 3602 1220 3667 (Robert.)
1258 3603 1314 3653 item

183 3679 306 3742 fervente,
318 3677 374 3727 22²0.
393 3677 446 3726 t'tem
450 3677 582 3740 fremente,
594 3671 645 3740 βγ.
664 3716 696 3724 -
713 3666 939 3737 solidandam.
958 3673 1039 3737 solita,
1051 3671 1080 3738 β.
1124 3675 1126 3679 ’

225 3745 311 3806 ξ194.
330 3743 430 3809 Itaque,
443 3735 547 3793 Roas.
575 3741 734 3807 Quandoque,
746 3759 766 3792 r.
785 3784 817 3792 ..
835 3742 1031 3806 umquam,R²d.
1055 3744 1144 3794 Omitt.
1161 3735 1313 3801 Rei-(Ro-

191 3811 267 3876 bert.)
279 3828 303 3879 γ.
323 3853 355 3862 ..
374 3821 505 3872 remanent,
517 3808 566 3860 R¹.
585 3851 617 3860 -
636 3809 798 3873 accubatore,
810 3811 862 3862 Ra
881 3808 1001 3860 occultior
1013 3821 1056 3873 est,
1068 3810 1138 3861 Td².
1161 3804 1279 3859 occultior
1292 3821 1313 3868 e,

191 3881 232 3932 (1¹.
252 3923 284 3931 -
297 3878 415 3930 inductur
432 3877 478 3940 olo,
495 3877 544 3929 Β).
564 3919 596 3928 ...
615 3877 726 3940 devorat,
743 3877 792 3927 R¹.
811 3919 843 3928 ..
862 3886 939 3940 aneto,
951 3877 1000 3928 1³².
1019 3887 1066 3938 eto,
1078 3877 1313 3934 ltu-montuosa,

190 3943 322 4000 RTOad.
345 3957 461 4009 montosa,
476 3942 506 4009 β.
530 3987 561 3996 ,.
588 3944 666 4008 modo,
681 3947 732 3996 R2.
756 3986 788 3995 ..
815 3944 875 3996 miti
889 3954 932 4008 est,
948 3947 1016 3996 Rad
1032 3943 1161 4009 (Robert.)
1188 3952 1226 3994 est
1244 3940 1314 4002 milti,

190 4013 241 4081 βγ.
260 4058 292 4067 ..
309 4015 461 4083 Apenninus,
471 4016 576 4066 Robert.
593 4011 729 4078 Apenniar,
740 4030 760 4063 r.

224 4083 310 4144 5195.
328 4100 393 4145 vero,
409 4083 458 4134 1³².
478 4124 510 4132 ..
534 4082 606 4142 sicat,
622 4082 698 4133 RTd
714 4079 845 4144 (Robert.)
867 4080 1023 4143 rebatfiunt,
1045 4075 1115 4145 αβγ.
1140 4119 1172 4128 ..
1191 4077 1313 4143 flumina,

189 4149 272 4201 ΒΨ.
291 4191 323 4200 -
346 4150 518 4214 autemsutari
533 4149 610 4214 rigna
619 4157 697 4201 neotus
709 4148 813 4200 existeret
830 4147 859 4197 tr·
868 4147 988 4210 matutini,
1000 4163 1024 4198 σ.
1043 4188 1075 4197 ..
1099 4144 1209 4198 interdiu
1223 4161 1313 4195 ..me-

191 4215 240 4268 rid.
256 4219 353 4282 primus
369 4221 401 4268 ad
417 4218 593 4281 praecedentia
609 4218 688 4267 traxit
702 4217 770 4267 Piut.
789 4257 822 4266 ..
845 4215 970 4278 meridies,
986 4217 1088 4266 Rrec.
1107 4255 1139 4265 ..
1158 4213 1228 4275 solis,
1245 4213 1315 4263 delet

189 4287 257 4336 Piut.
276 4326 308 4335 ..
328 4285 435 4346 imbrem,
447 4287 494 4335 Re.
505 4282 635 4347 (Robert.)
652 4286 748 4346 imbres,
761 4285 814 4335 Tc.

224 4352 238 4414 ξ
258 4359 314 4404 196.
338 4353 397 4416 rive,
414 4355 437 4404 d.
456 4393 487 4403 -
511 4351 568 4416 ictu,
584 4344 747 4404 RATOad.
765 4353 814 4415 icti,
828 4347 881 4418 βγ.
900 4391 932 4403 ..
954 4349 1065 4414 mribus,
1080 4350 1106 4402 R
1127 4347 1260 4413 (incorr.)
1280 4388 1313 4398 ..
