2888 4794
193 283 262 325 exn
659 282 849 327 rmrsmo.

192 454 262 495 rum
281 435 433 495 hominum
452 434 635 512 effugerant?
656 436 740 497 Nihil
760 438 862 497 critico
883 437 1019 513 quamvis
1039 437 1232 514 supercilioso
1249 457 1317 504 mo·

192 546 318 605 desdam
330 563 424 621 aeque
436 547 640 607 commendere
653 553 760 625 potest,
775 566 866 622 quam
880 547 984 620 codex,
1004 548 1101 623 qualis
1114 555 1160 609 est
1172 549 1205 612 in
1218 549 1318 611 Plinio

191 652 426 732 Bambergensis,
438 663 468 716 et
477 658 549 717 mihi
558 657 615 734 ipsi
625 657 672 719 hic
681 657 755 718 liber
764 658 995 736 pretiosissimus
1005 658 1093 731 viam
1105 666 1141 719 nt
1153 665 1237 735 puto,
1252 677 1318 721 cer·

190 774 252 826 tam
265 768 451 839 monstravit,
466 785 526 844 que
538 768 611 828 mihi
623 769 817 831 incedendum
836 777 922 830 essct.
943 769 1005 830 Ubi
1025 769 1103 831 cuim
1121 768 1184 832 sius
1205 771 1318 833 sunto

189 876 318 952 nitimur,
333 877 553 954 diligentissime
567 897 646 951 enm,
660 887 805 956 quantum
818 878 881 940 fieri
898 879 1004 955 potuit,
1019 887 1138 941 acutus
1151 887 1317 958 postremos

190 1005 243 1047 sex
258 988 349 1048 Plinii
362 989 455 1048 libros
469 990 508 1048 ed
522 1007 590 1048 eum
604 988 787 1049 conformavi
806 995 837 1047 et
856 989 980 1063 reliquis
1001 989 1137 1051 omuibus
1158 991 1210 1066 qui
1230 1009 1316 1069 prae-

189 1107 271 1158 tereo
288 1099 362 1158 mihi
379 1106 501 1175 praesto
523 1104 609 1159 erant
626 1099 776 1159 codicibus
790 1106 853 1160 tum
868 1099 987 1159 demum
1000 1099 1112 1175 aliquid
1126 1100 1315 1163 tribuendum

189 1228 256 1268 esse
276 1208 463 1281 existimavi,
483 1227 548 1268 cum
568 1209 619 1268 ille
637 1217 738 1286 aperte
751 1216 910 1285 corruptus
923 1209 1041 1271 medelc
1053 1209 1173 1272 diuum
1185 1210 1316 1286 petenda

189 1323 298 1394 egeret.
321 1318 399 1380 Sunt
412 1319 530 1394 quidem
544 1317 677 1378 homines
692 1318 742 1395 qui
756 1319 886 1379 codicem
896 1317 1025 1392 aliquem
1039 1325 1190 1395 tamquam
1204 1319 1314 1381 bonum

188 1439 219 1488 et
236 1437 349 1488 certum
366 1430 471 1488 ducem
491 1434 674 1512 compertum
694 1429 782 1489 etiem
801 1447 854 1505 per
873 1429 941 1489 avia
960 1437 991 1491 et
1004 1429 1123 1489 dumeta
1137 1435 1313 1505 sequuntur,

188 1539 267 1598 caeci
275 1539 319 1598 illi
328 1539 469 1613 homines,
481 1540 552 1615 quia
561 1539 642 1598 caeci
652 1556 717 1598 esse
727 1539 843 1611 volunt,
854 1547 884 1598 et
893 1539 1016 1615 proinde
1026 1539 1066 1599 ad
1075 1538 1235 1598 labendum
1244 1557 1314 1616 pro·

189 1650 289 1708 clives.
303 1647 349 1708 At
358 1650 458 1709 nullus
468 1666 610 1724 umquem
624 1649 730 1721 codex,
744 1649 787 1708 uti
800 1650 857 1709 hoc
869 1649 915 1708 rei
925 1657 1033 1709 notura
1045 1649 1111 1725 ipsc
1119 1648 1188 1721 lert,
1199 1650 1313 1711 mendis

187 1778 311 1839 prorsus
322 1760 396 1819 luber
405 1769 462 1832 est,
470 1778 579 1837 easque
589 1757 970 1837 etieminBambergensem
981 1764 1040 1821 nou
1052 1777 1112 1819 uno
1122 1759 1153 1821 iu
1163 1759 1229 1819 loco
1240 1760 1313 1821 irre·

186 1872 283 1949 psisse
290 1888 380 1948 snpra
387 1859 525 1931 vidimus.
541 1868 697 1931 (iudicibus
708 1868 994 1945 bonis,utMadvigii
1005 1870 1098 1929 critici
1105 1870 1205 1930 eximii
1215 1870 1312 1932 verbis

186 1989 255 2040 ntur
264 1981 294 2041 in
305 1981 428 2058 epistole
438 1982 539 2041 critica
548 1982 587 2040 ad
595 1979 739 2040 Orellium
750 2001 780 2058 p.
790 1975 840 2040 59.
853 1981 980 2058 scriptis,
986 1981 1248 2057 obtemperandum
1255 1987 1311 2054 est,

186 2109 247 2150 non
258 2092 456 2162 serviendum,
471 2091 586 2167 hocque
599 2099 788 2168 praeceptum
802 2091 845 2148 itu
858 2108 957 2149 meum
971 2089 1088 2165 fe‹i,ut
1100 2090 1152 2150 ubi
1166 2090 1313 2167 scriptura

66 2255 71 2261 ,
186 2201 293 2259 codicis
307 2200 333 2258 B
351 2202 468 2276 legibus
488 2200 697 2275 grammaticae
717 2200 874 2274 sensuique
891 2200 964 2258 recti
984 2200 1137 2260 adversari
1150 2199 1310 2273 videretur,

186 2328 254 2368 eum
270 2309 403 2367 deserere
418 2327 476 2368 non
490 2310 656 2368 dubitarem
675 2315 706 2366 et
724 2314 778 2367 aut
796 2309 835 2367 ad
852 2309 926 2367 ulios
940 2309 1054 2368 codices
1068 2318 1120 2369 sut
1132 2310 1171 2369 cd
1185 2310 1324 2372 eliorum,

185 2436 325 2494 meusque
339 2419 520 2478 coniecturas
534 2419 733 2494 confugerem,
747 2418 784 2477 de
798 2436 858 2494 qua
872 2438 905 2477 re
918 2420 1085 2479 accuratius
1102 2419 1242 2496 loquendi
1260 2420 1309 2483 in·

184 2529 232 2588 fro
245 2529 329 2589 locus
343 2529 470 2588 dubitur.
492 2526 594 2588 Codici
606 2528 828 2604 Bembergensi,
842 2535 986 2605 quantum
999 2529 1063 2589 fieri
1076 2530 1181 2606 potuit,
1196 2533 1309 2591 obtem·

62 2687 64 2691 ,
184 2640 315 2717 parendo
335 2639 366 2698 id
385 2645 535 2717 praestare
548 2639 642 2711 volui,
657 2647 691 2698 ut
704 2646 782 2698 certe
796 2656 849 2697 sex
861 2639 1001 2715 postremi
1014 2639 1105 2699 Plinii
1118 2640 1188 2700 libri
1200 2657 1308 2701 meun-

184 2751 255 2809 dnm
275 2751 434 2811 severiores
453 2751 535 2826 leges
549 2750 621 2809 artis
636 2749 752 2810 criticae
764 2756 933 2809 constanter
954 2750 1100 2809 emendati
1120 2749 1307 2827 legerentrm

184 2879 256 2920 num
269 2862 474 2938 praestiterim,
488 2862 631 2920 lectorum
645 2861 701 2919 erit
713 2861 862 2920 iudicium.

226 2970 298 3030 Alia
311 2987 359 3028 res
373 2969 429 3028 init
442 2971 473 3027 in
486 2970 570 3028 libris
583 2970 732 3046 prioribus
748 2964 800 3050 (de
813 2970 928 3029 ratione
939 2988 997 3047 qua
1006 2969 1133 3029 indicem
1142 2969 1211 3031 libri
1220 2967 1307 3046 primi

183 3079 372 3139 tractaverim
390 3078 429 3136 ad
448 3078 537 3138 huius
555 3079 671 3139 initium
686 3086 733 3137 est
746 3072 885 3158 dictum),
900 3080 952 3138 ubi
965 3079 1049 3140 nobis
1062 3099 1082 3139 a
1094 3078 1307 3156 Bemborgersi

184 3189 310 3247 desertis
323 3189 417 3264 magis
432 3189 570 3248 eclectica
583 3207 661 3264 quse
675 3189 783 3247 dicitur
798 3189 866 3248 crisi
879 3190 1021 3248 utendum
1038 3189 1106 3248 fnit.
1127 3187 1206 3247 Num
1224 3190 1304 3262 licet,

183 3298 229 3356 nti
241 3315 297 3375 pur
310 3296 375 3370 init,
389 3298 446 3358 hoc
461 3299 517 3358 sim
531 3308 660 3372 secutus,
674 3306 718 3373 ut,
733 3292 787 3376 qui
799 3299 830 3356 in
843 3299 968 3375 singulis
982 3300 1066 3362 libris
1077 3298 1305 3378 praestantiores

184 3407 311 3467 habendi
324 3415 422 3468 esseut
432 3409 555 3483 codices,
567 3427 618 3469 eos
629 3428 681 3486 per
691 3411 746 3468 hos
756 3410 836 3486 ipsos
847 3409 939 3469 libros
952 3428 1102 3486 sequerer,
1113 3408 1217 3468 ceteris
1224 3409 1305 3469 oodr

183 3517 265 3576 cibus
276 3524 340 3575 tum
352 3518 480 3591 demum,
490 3520 542 3578 ubi
550 3519 596 3579 illi
605 3520 807 3591 destituerent,
817 3520 849 3578 in
860 3520 1022 3579 subsidium
1032 3520 1154 3590 vocatis,
1170 3519 1240 3579 etin
1248 3518 1305 3578 heo

183 3629 248 3706 lege
256 3629 409 3705 'sequenda
419 3629 507 3687 etiam
516 3629 712 3705 ebelegentiis
720 3629 852 3688 codicum
858 3629 1001 3689 inferioris
1012 3629 1119 3689 ordinis
1130 3647 1303 3704 numquam,

183 3746 326 3814 quantum
337 3738 408 3811 scio,
419 3757 466 3797 me
475 3738 571 3815 pellici
580 3756 685 3816 pessus
695 3739 761 3812 sim,
768 3740 915 3798 maximm
922 3745 1020 3799 temen
1026 3758 1166 3799 numerus
1171 3739 1304 3799 locorum

183 3857 256 3924 erat,
270 3851 323 3909 ubi
335 3850 421 3910 nobis
434 3869 454 3908 a
463 3831 633 3908 melioribus
644 3848 791 3908 codicibus
802 3849 945 3909 destitutis
955 3851 995 3908 ed
1005 3824 1173 3923 deteriores,
1185 3848 1255 3924 quin
1265 3847 1304 3907 ad

183 3957 353 4019 deterrimos
373 3959 598 4038 conlugiendum
617 3957 692 4031 fuit,
713 3977 772 4017 nou
790 3977 850 4034 qno
868 3959 1141 4038 interpolationem,
1159 3966 1195 4018 ut
1213 3959 1304 4018 verbs

183 4074 263 4126 certe
280 4068 340 4144 lagi
357 4078 488 4145 possent,
507 4070 577 4128 inde
595 4069 763 4147 reciperem,
784 4070 837 4128 sed
855 4070 935 4145 quie,
958 4071 1002 4129 nti
1015 4089 1046 4148 p.
1060 4066 1145 4129 LVI.
1160 4066 1303 4144 exemplis

183 4176 332 4237 nonnullis
345 4178 376 4238 in
390 4181 466 4241 hanc
479 4198 542 4240 rem
556 4179 653 4240 allatis
666 4179 866 4256 comprobari,
880 4180 911 4239 in
924 4179 1090 4241 deterrimis
1103 4181 1180 4240 adeo
1194 4177 1302 4239 codici-
