2888 4794
196 283 221 324 11
562 340 569 356 x
660 279 849 322 rualenum.
879 240 882 250 Ι

196 434 307 504 effatis3
333 434 431 509 ipsum
452 431 582 491 Plinium
602 432 842 492 conformandum
864 434 902 491 ad
923 433 1042 508 regulas
1061 433 1134 493 artis
1154 435 1271 495 criticae
1292 443 1323 496 et

124 581 127 584 -
196 545 234 603 ad
253 544 334 618 leges
354 552 476 602 naturae
494 560 572 602 novo
587 543 721 620 exemplo
735 544 846 620 pariter
866 544 892 601 ei
911 543 1100 602 adhibendas.
1126 544 1184 603 His
1203 546 1322 604 demum

195 654 325 730 peractis
346 653 460 730 physici
478 652 622 711 debebant
641 653 864 712 commentarios
884 672 982 711 rerum
997 654 1191 726 conscribere,
1213 655 1321 729 quibus

195 763 316 837 antiqua
340 763 425 821 novis
450 771 672 839 componerent,
698 781 746 821 res
772 763 955 822 obscuriores
980 763 1180 837 illustrarent,
1206 784 1322 825 errores

96 930 98 941 ,
193 872 284 931 Plinii
303 873 341 930 ad
359 872 440 946 leges
462 872 594 931 veritatis
615 873 773 948 exigerent.
803 873 873 931 Non
891 879 1026 931 nostrum
1046 883 1092 932 est
1111 875 1245 949 pluribus
1265 875 1322 934 hoc

137 1018 140 1025 ·
193 981 259 1040 loco
278 1001 436 1060 exponere,
463 983 639 1056 quibuscum
659 981 878 1040 difficultatibus
900 984 981 1060 operi
1002 984 1045 1041 ita
1066 993 1203 1061 suscepto
1222 985 1322 1043 confli-

194 1093 333 1151 ctandum
358 1091 478 1164 inisset,
504 1100 535 1150 et
557 1091 719 1164 nescimus,
746 1110 818 1150 num
843 1093 899 1150 viri
923 1093 1001 1151 docti
1025 1092 1242 1168 Francogalliei
1267 1094 1322 1152 sub

192 1200 224 1260 N
224 1202 376 1277 apoleonis
389 1202 572 1277 imperatoris
583 1200 844 1279 Francogallorum
858 1202 1006 1278 auspiciis,
1022 1200 1168 1262 Strabone
1182 1203 1322 1263 adfinem

162 1380 164 1386 Ι
192 1313 345 1389 perducto,
367 1312 404 1369 ad
418 1311 548 1369 Plinium
568 1330 685 1386 quoque
705 1314 848 1371 edendum
867 1313 1014 1384 destinati,
1037 1313 1118 1371 cuius
1137 1313 1228 1372 libros
1248 1330 1321 1390 geo-

193 1423 349 1499 graphicas
365 1420 469 1479 edendi
483 1422 663 1497 provinciam
679 1421 840 1481 Latronnio
855 1423 1060 1481 demandatam
1074 1422 1168 1482 inisse
1182 1442 1221 1480 ex
1233 1422 1322 1482 huius

117 1583 121 1590 .
193 1530 372 1609 praefatione
391 1529 500 1588 Dicuili
517 1550 547 1607 p.
563 1530 620 1589 IV.
642 1532 781 1607 colligere
804 1531 889 1605 licet,
916 1533 1039 1591 eandem
1060 1534 1139 1592 viam
1161 1532 1322 1608 ingressuri

194 1639 333 1711 fuissent;
362 1648 439 1699 certa
463 1640 684 1700 Fridericus
710 1641 974 1714 Thierschius,
1000 1641 1147 1700 solidioris
1171 1642 1323 1700 doctrinae

193 1749 261 1809 inde
279 1768 317 1808 ex
335 1750 425 1825 longo
444 1757 574 1827 tempore
588 1751 665 1808 inter
678 1749 809 1810 Bavaros
825 1744 935 1810 vindex
952 1753 1125 1823 acerrimus,
1146 1770 1214 1811 cum
1233 1760 1322 1810 natu·

193 1879 244 1920 rae
265 1867 441 1919 scrutatores
460 1879 538 1918 anno
557 1867 627 1938 post
639 1859 800 1920 Monacum
820 1863 1025 1921 convenissent
1044 1868 1075 1919 et
1092 1862 1128 1919 de
1141 1863 1208 1937 ipsa
1220 1880 1253 1920 re
1267 1861 1323 1919 de·

194 1968 254 2030 ‘nuo
279 1972 437 2048 disceptari
460 1978 597 2048 coeptum
622 1979 710 2045 esset,
736 1973 808 2031 dicti
832 1971 972 2031 Hesiodei
996 1973 1071 2031 bene
1096 1989 1220 2043 memor,
1248 1971 1323 2030 velis

196 2081 351 2158 paululum
372 2083 528 2140 contractis
548 2089 583 2140 ut
602 2091 670 2140 ante
692 2084 791 2141 omnia
812 2084 936 2141 orationi
949 2082 1038 2141 Plinii
1057 2081 1232 2158 turpissimis
1247 2082 1323 2140 vitiis

198 2192 294 2249 omnis
309 2191 423 2265 generis
437 2191 608 2265 inquinatae
622 2193 820 2252 emendandae
839 2193 1040 2253 consuleretur
1057 2201 1097 2264 et,
1119 2192 1324 2266 quodcumque

197 2301 380 2360 auctoritatis
405 2300 541 2378 publicae
565 2310 642 2360 esset
661 2311 783 2360 naturae
803 2303 1027 2374 scrutatoribus,
1052 2304 1121 2362 huic
1145 2302 1229 2377 operi
1253 2319 1324 2376 gra·

196 2411 317 2470 sissimo
336 2412 555 2487 impenderetur
566 2412 676 2470 suasit.
709 2410 838 2469 Consilio
858 2412 1096 2488 prudentissimo,
1122 2413 1166 2469 uti
1185 2429 1241 2487 par
1257 2410 1323 2484 fuit,

198 2522 329 2581 omnium
349 2521 497 2597 suffiagiis
515 2521 638 2597 probato
658 2538 762 2578 rursus
777 2521 998 2580 Thierschio
1017 2529 1147 2592 auctore,
1170 2522 1222 2597 qui
1235 2539 1324 2598 prae·

197 2639 278 2690 tarsa
297 2638 389 2690 totam
409 2649 442 2690 se
462 2649 525 2689 rem
548 2632 581 2689 in
600 2648 740 2690 consessu
759 2632 867 2707 Regiae
887 2632 1051 2692 academiae
1069 2633 1235 2690 litterarum
1254 2631 1324 2690 Μο-

197 2742 330 2801 nacensis
358 2741 483 2801 ulterius
507 2749 757 2818 pertractaturum
781 2748 829 2800 est
852 2741 1018 2818 professus,
1050 2743 1167 2800 criticae
1191 2740 1326 2801 editionis

197 2849 352 2925 Plinianae
367 2859 466 2930 partes
485 2870 504 2909 a
523 2852 660 2910 societate
679 2860 804 2910 naturae
823 2860 1018 2910 scrutatorum
1038 2851 1109 2910 mihi
1123 2859 1193 2910 sunt
1206 2854 1326 2911 deman·

197 2964 293 3034 datae,
313 2969 348 3020 ut
367 2980 454 3035 quem
472 2963 504 3018 in
522 2969 605 3036 parte
624 2967 702 3020 certe
721 2962 822 3036 aliqua
836 2962 977 3020 naturalis
991 2961 1131 3021 historiae
1145 2963 1327 3022 emendanda

198 3078 229 3129 et
247 3071 425 3129 illustranda
444 3070 558 3128 versari
581 3089 600 3127 a
618 3069 840 3128 Thierschio
862 3072 1033 3142 doceretur,
1059 3090 1175 3147 exque
1195 3089 1251 3146 ego
1272 3071 1326 3130 sti·

198 3181 305 3258 pendio
331 3179 425 3256 Regio
444 3177 658 3238 FRIDERICI
680 3177 874 3249 AUGUSTI
892 3180 918 3239 1.
942 3180 1103 3239 beatissimi
1120 3181 1212 3257 Regis
1231 3179 1327 3240 saxo-

199 3291 265 3348 niae
278 3297 383 3348 auctus
394 3286 523 3348 Parisios
536 3289 684 3366 profectus
700 3290 824 3367 optimos
838 3271 878 3349 ibi
892 3291 1017 3363 codices,
1029 3291 1080 3365 qni
1094 3290 1222 3365 quinque
1234 3287 1326 3345 libros

200 3400 375 3459 novissimos
384 3397 476 3458 Plinii
490 3401 648 3473 continent,
663 3421 682 3458 a
696 3398 833 3458 Oarolo
847 3399 1044 3458 Benedicta
1058 3399 1185 3470 Hasio,
1202 3395 1327 3457 Germa·

201 3510 268 3568 niae
280 3511 357 3568 inter
372 3506 477 3568 Gallos
491 3510 606 3582 decore,
625 3511 699 3569 adeo
714 3509 856 3568 benevole
871 3511 998 3582 adiutus,
1014 3515 1048 3568 ut
1061 3524 1175 3567 menses
1188 3505 1254 3564 illos
1268 3506 1327 3563 Pa-

201 3620 339 3680 risienses
359 3620 391 3678 in
412 3621 536 3678 summis
558 3621 636 3678 vitae
658 3639 740 3678 meae
759 3619 940 3680 ornamentis
961 3626 991 3677 et
1010 3618 1120 3676 deliciis
1140 3634 1258 3693 semper
1272 3614 1327 3672 sim

202 3730 365 3802 habiturus,
381 3747 536 3807 excerpere
549 3730 731 3788 institueram
743 3722 893 3809 (videatur
904 3726 1009 3788 Okenii
1018 3727 1075 3786 Isis
1088 3721 1181 3787 1828.
1192 3724 1263 3784 Vol.
1274 3719 1327 3782 21.

203 3860 232 3915 p.
248 3835 350 3920 aba).
379 3838 633 3910 Thierschius,
654 3856 713 3914 qua
727 3845 773 3897 est
785 3839 877 3895 animi
896 3839 1055 3910 alacritate,
1077 3855 1140 3894 rem
1158 3835 1249 3893 talem
1267 3851 1328 3892 non

204 3948 394 4007 differendam
414 3967 479 4008 esse
500 3950 603 4020 sciens,
624 3949 723 4006 statim
743 3947 840 4005 omnia
854 3965 929 4022 quae
942 3947 998 4022 ipsi
1011 3947 1176 4005 necessaria
1189 3943 1328 4026 videban-

205 4067 255 4117 tur
268 4059 390 4134 agitare,
405 4059 476 4118 nihil
489 4060 664 4118 intentatum
681 4058 856 4133 relinquere,
875 4076 992 4116 omnem
1005 4056 1132 4132 lapidem
1146 4072 1276 4126 movere,
1294 4061 1330 4111 ut

208 4169 337 4230 subsidia
356 4171 520 4231 necessaria
544 4168 754 4230 conferrentur.
789 4167 951 4228 Hominum
976 4168 1161 4244 privatorum
1186 4183 1257 4242 opas
1274 4164 1329 4223 -hic
