<?xml version="1.0" encoding="UTF-8"?>
<!DOCTYPE html PUBLIC "-//W3C//DTD XHTML 1.0 Transitional//EN"
    "http://www.w3.org/TR/xhtml1/DTD/xhtml1-transitional.dtd">
<html xmlns="http://www.w3.org/1999/xhtml" xml:lang="en" lang="en">
 <head>
  <title>
</title>
<meta http-equiv="Content-Type" content="text/html;charset=utf-8" />
  <meta name='ocr-system' content='tesseract 3.04.00' />
  <meta name='ocr-capabilities' content='ocr_page ocr_carea ocr_par ocr_line ocrx_word'/>
</head>
<body>
  <div class='ocr_page' id='page_1' title='image "./cplinisecundina08plingoog_0096.png"; bbox 0 0 2888 4794; ppageno 0'>
   <div class='ocr_carea' id='block_1_1' title="bbox 615 302 1265 346">
    <p class='ocr_par' dir='ltr' id='par_1_1' title="bbox 615 302 1265 346">
     <span class='ocr_line' id='line_1_1' title="bbox 615 302 1265 346; baseline 0.003 -2"><span class='ocrx_word' id='word_1_1' title='bbox 615 302 804 345; x_wconf 67' lang='lat' dir='ltr'><strong><em>palnatum.</em></strong></span> <span class='ocrx_word' id='word_1_2' title='bbox 1185 304 1265 346; x_wconf 80' lang='lat' dir='ltr'><strong><em>Lm</em></strong></span> 
     </span>
    </p>
   </div>
   <div class='ocr_carea' id='block_1_2' title="bbox 33 451 1265 536">
    <p class='ocr_par' dir='ltr' id='par_1_2' title="bbox 33 451 1265 536">
     <span class='ocr_line' id='line_1_2' title="bbox 33 451 1265 536; baseline 0.011 -34"><span class='ocrx_word' id='word_1_3' title='bbox 33 452 38 461; x_wconf 82' lang='grc'><strong>“</strong></span> <span class='ocrx_word' id='word_1_4' title='bbox 143 455 254 533; x_wconf 75' lang='lat' dir='ltr'><strong><em>scripsi,</em></strong></span> <span class='ocrx_word' id='word_1_5' title='bbox 269 455 348 513; x_wconf 86' lang='lat' dir='ltr'><strong><em>dico:</em></strong></span> <span class='ocrx_word' id='word_1_6' title='bbox 364 455 503 526; x_wconf 78' lang='lat' dir='ltr'><strong><em>aluum,</em></strong></span> <span class='ocrx_word' id='word_1_7' title='bbox 525 456 615 514; x_wconf 87' lang='lat' dir='ltr'><strong><em>obicio</em></strong></span> <span class='ocrx_word' id='word_1_8' title='bbox 635 451 696 536; x_wconf 87' lang='lat' dir='ltr'><strong><em>(nti</em></strong></span> <span class='ocrx_word' id='word_1_9' title='bbox 710 459 814 528; x_wconf 88' lang='lat' dir='ltr'><strong><em>adicio,</em></strong></span> <span class='ocrx_word' id='word_1_10' title='bbox 829 459 946 528; x_wconf 88' lang='lat' dir='ltr'><strong><em>conicio,</em></strong></span> <span class='ocrx_word' id='word_1_11' title='bbox 962 458 1041 528; x_wconf 89' lang='lat' dir='ltr'><strong><em>eicio,</em></strong></span> <span class='ocrx_word' id='word_1_12' title='bbox 1058 458 1153 527; x_wconf 68' lang='lat' dir='ltr'><strong><em>irretio,</em></strong></span> <span class='ocrx_word' id='word_1_13' title='bbox 1167 458 1265 530; x_wconf 88' lang='lat' dir='ltr'><strong><em>alicio,</em></strong></span> 
     </span>
    </p>
   </div>
   <div class='ocr_carea' id='block_1_3' title="bbox 67 551 1277 2841">
    <p class='ocr_par' dir='ltr' id='par_1_3' title="bbox 67 551 1277 2841">
     <span class='ocr_line' id='line_1_3' title="bbox 143 551 1266 642; baseline -0.002 -16"><span class='ocrx_word' id='word_1_14' title='bbox 143 568 239 638; x_wconf 62' lang='lat' dir='ltr'><strong><em>racio,</em></strong></span> <span class='ocrx_word' id='word_1_15' title='bbox 250 566 372 642; x_wconf 88' lang='lat' dir='ltr'><strong><em>proicio,</em></strong></span> <span class='ocrx_word' id='word_1_16' title='bbox 388 551 521 642; x_wconf 75' lang='lat' dir='ltr'><strong><em>milicia),</em></strong></span> <span class='ocrx_word' id='word_1_17' title='bbox 536 568 633 642; x_wconf 76' lang='lat' dir='ltr'><strong><em>adeps,</em></strong></span> <span class='ocrx_word' id='word_1_18' title='bbox 648 567 799 637; x_wconf 79' lang='lat' dir='ltr'><em>adsimulo,</em></span> <span class='ocrx_word' id='word_1_19' title='bbox 813 568 989 638; x_wconf 76' lang='lat' dir='ltr'><strong><em>cucusum,</em></strong></span> <span class='ocrx_word' id='word_1_20' title='bbox 1008 575 1133 626; x_wconf 86' lang='lat' dir='ltr'><strong><em>aestumo</em></strong></span> <span class='ocrx_word' id='word_1_21' title='bbox 1154 571 1184 623; x_wconf 88' lang='lat' dir='ltr'><strong><em>et</em></strong></span> <span class='ocrx_word' id='word_1_22' title='bbox 1202 567 1266 624; x_wconf 83' lang='lat' dir='ltr'><strong><em>eoi·</em></strong></span> 
     </span>
     <span class='ocr_line' id='line_1_4' title="bbox 143 673 1268 751; baseline -0.002 -17"><span class='ocrx_word' id='word_1_23' title='bbox 143 685 244 746; x_wconf 82' lang='lat' dir='ltr'><strong><em>stnmo,</em></strong></span> <span class='ocrx_word' id='word_1_24' title='bbox 258 677 431 751; x_wconf 80' lang='lat' dir='ltr'><strong><em>alcyoneum,</em></strong></span> <span class='ocrx_word' id='word_1_25' title='bbox 446 676 533 733; x_wconf 86' lang='lat' dir='ltr'><strong><em>aliam</em></strong></span> <span class='ocrx_word' id='word_1_26' title='bbox 548 675 586 732; x_wconf 90' lang='lat' dir='ltr'><strong><em>de</em></strong></span> <span class='ocrx_word' id='word_1_27' title='bbox 600 674 713 750; x_wconf 87' lang='lat' dir='ltr'><strong><em>planta,</em></strong></span> <span class='ocrx_word' id='word_1_28' title='bbox 728 685 906 747; x_wconf 79' lang='lat' dir='ltr'><strong><em>ammentum,</em></strong></span> <span class='ocrx_word' id='word_1_29' title='bbox 925 685 1049 747; x_wconf 90' lang='lat' dir='ltr'><strong><em>anetum,</em></strong></span> <span class='ocrx_word' id='word_1_30' title='bbox 1070 677 1186 745; x_wconf 83' lang='lat' dir='ltr'><strong><em>anulus,</em></strong></span> <span class='ocrx_word' id='word_1_31' title='bbox 1201 673 1268 751; x_wconf 78' lang='lat' dir='ltr'><strong><em>Ap·</em></strong></span> 
     </span>
     <span class='ocr_line' id='line_1_5' title="bbox 140 784 1268 862; baseline -0.003 -18"><span class='ocrx_word' id='word_1_32' title='bbox 140 786 297 862; x_wconf 80' lang='lat' dir='ltr'><strong><em>penninus,</em></strong></span> <span class='ocrx_word' id='word_1_33' title='bbox 311 785 499 860; x_wconf 78' lang='lat' dir='ltr'><strong><em>apsinthium,</em></strong></span> <span class='ocrx_word' id='word_1_34' title='bbox 513 793 607 855; x_wconf 89' lang='lat' dir='ltr'><strong><em>artus,</em></strong></span> <span class='ocrx_word' id='word_1_35' title='bbox 622 785 701 856; x_wconf 84' lang='lat' dir='ltr'><strong><em>baca,</em></strong></span> <span class='ocrx_word' id='word_1_36' title='bbox 716 785 863 855; x_wconf 85' lang='lat' dir='ltr'><strong><em>Baliares,</em></strong></span> <span class='ocrx_word' id='word_1_37' title='bbox 884 786 974 855; x_wconf 81' lang='lat' dir='ltr'><strong><em>lelna,</em></strong></span> <span class='ocrx_word' id='word_1_38' title='bbox 995 784 1166 853; x_wconf 76' lang='lat' dir='ltr'><strong><em>bracchium,</em></strong></span> <span class='ocrx_word' id='word_1_39' title='bbox 1189 784 1268 841; x_wconf 81' lang='lat' dir='ltr'><strong><em>hrat-</em></strong></span> 
     </span>
     <span class='ocr_line' id='line_1_6' title="bbox 144 887 1266 971; baseline 0 -20"><span class='ocrx_word' id='word_1_40' title='bbox 144 899 200 965; x_wconf 87' lang='lat' dir='ltr'><strong><em>tea,</em></strong></span> <span class='ocrx_word' id='word_1_41' title='bbox 209 895 328 966; x_wconf 89' lang='lat' dir='ltr'><strong><em>caelum,</em></strong></span> <span class='ocrx_word' id='word_1_42' title='bbox 340 912 466 966; x_wconf 86' lang='lat' dir='ltr'><strong><em>caenum,</em></strong></span> <span class='ocrx_word' id='word_1_43' title='bbox 478 896 660 964; x_wconf 80' lang='lat' dir='ltr'><strong><em>caerimonia,</em></strong></span> <span class='ocrx_word' id='word_1_44' title='bbox 671 914 797 971; x_wconf 84' lang='lat' dir='ltr'><strong><em>caespes,</em></strong></span> <span class='ocrx_word' id='word_1_45' title='bbox 809 897 906 965; x_wconf 84' lang='lat' dir='ltr'><strong><em>calcio,</em></strong></span> <span class='ocrx_word' id='word_1_46' title='bbox 919 897 1143 963; x_wconf 84' lang='lat' dir='ltr'><strong><em>calciamentum,</em></strong></span> <span class='ocrx_word' id='word_1_47' title='bbox 1154 887 1266 964; x_wconf 74' lang='lat' dir='ltr'><strong><em>colias,</em></strong></span> 
     </span>
     <span class='ocr_line' id='line_1_7' title="bbox 67 992 1271 1081; baseline -0.001 -21"><span class='ocrx_word' id='word_1_48' title='bbox 67 992 71 998; x_wconf 74' lang='grc'><strong>’</strong></span> <span class='ocrx_word' id='word_1_49' title='bbox 143 1003 195 1060; x_wconf 88' lang='lat' dir='ltr'><strong><em>ubi</em></strong></span> <span class='ocrx_word' id='word_1_50' title='bbox 205 1003 243 1060; x_wconf 88' lang='lat' dir='ltr'><strong><em>de</em></strong></span> <span class='ocrx_word' id='word_1_51' title='bbox 252 1003 370 1078; x_wconf 85' lang='lat' dir='ltr'><strong><em>petione</em></strong></span> <span class='ocrx_word' id='word_1_52' title='bbox 381 1003 488 1078; x_wconf 82' lang='lat' dir='ltr'><strong><em>agitur,</em></strong></span> <span class='ocrx_word' id='word_1_53' title='bbox 500 1005 619 1081; x_wconf 79' lang='lat' dir='ltr'><strong><em>calfacto</em></strong></span> <span class='ocrx_word' id='word_1_54' title='bbox 629 1021 696 1062; x_wconf 87' lang='lat' dir='ltr'><strong><em>cnm</em></strong></span> <span class='ocrx_word' id='word_1_55' title='bbox 709 1005 889 1079; x_wconf 87' lang='lat' dir='ltr'><strong><em>compositis,</em></strong></span> <span class='ocrx_word' id='word_1_56' title='bbox 900 1022 1027 1075; x_wconf 87' lang='lat' dir='ltr'><strong><em>camara,</em></strong></span> <span class='ocrx_word' id='word_1_57' title='bbox 1035 1003 1187 1073; x_wconf 71' lang='lat' dir='ltr'><strong><em>carrucio,</em></strong></span> <span class='ocrx_word' id='word_1_58' title='bbox 1201 1020 1271 1061; x_wconf 86' lang='lat' dir='ltr'><strong><em>cena</em></strong></span> 
     </span>
     <span class='ocr_line' id='line_1_8' title="bbox 144 1113 1269 1189; baseline -0.001 -20"><span class='ocrx_word' id='word_1_59' title='bbox 144 1120 174 1171; x_wconf 88' lang='lat' dir='ltr'><strong><em>et</em></strong></span> <span class='ocrx_word' id='word_1_60' title='bbox 186 1115 364 1183; x_wconf 83' lang='lat' dir='ltr'><strong><em>cenaculum,</em></strong></span> <span class='ocrx_word' id='word_1_61' title='bbox 378 1131 462 1188; x_wconf 85' lang='lat' dir='ltr'><strong><em>cepa,</em></strong></span> <span class='ocrx_word' id='word_1_62' title='bbox 479 1116 619 1185; x_wconf 79' lang='lat' dir='ltr'><strong><em>comicus,</em></strong></span> <span class='ocrx_word' id='word_1_63' title='bbox 634 1115 728 1184; x_wconf 78' lang='lat' dir='ltr'><strong><em>aeteri,</em></strong></span> <span class='ocrx_word' id='word_1_64' title='bbox 743 1116 920 1185; x_wconf 85' lang='lat' dir='ltr'><strong><em>circumitus,</em></strong></span> <span class='ocrx_word' id='word_1_65' title='bbox 935 1115 1054 1189; x_wconf 77' lang='lat' dir='ltr'><strong><em>clipeus,</em></strong></span> <span class='ocrx_word' id='word_1_66' title='bbox 1069 1113 1161 1171; x_wconf 78' lang='lat' dir='ltr'><strong><em>coclea</em></strong></span> <span class='ocrx_word' id='word_1_67' title='bbox 1175 1119 1206 1168; x_wconf 87' lang='lat' dir='ltr'><strong><em>et</em></strong></span> <span class='ocrx_word' id='word_1_68' title='bbox 1219 1129 1269 1170; x_wconf 90' lang='lat' dir='ltr'><strong><em>eo·</em></strong></span> 
     </span>
     <span class='ocr_line' id='line_1_9' title="bbox 143 1208 1272 1295; baseline -0.003 -13"><span class='ocrx_word' id='word_1_69' title='bbox 143 1208 229 1295; x_wconf 84' lang='lat' dir='ltr'><strong><em>clear,</em></strong></span> <span class='ocrx_word' id='word_1_70' title='bbox 244 1224 408 1293; x_wconf 85' lang='lat' dir='ltr'><strong><em>comminus,</em></strong></span> <span class='ocrx_word' id='word_1_71' title='bbox 423 1224 561 1295; x_wconf 83' lang='lat' dir='ltr'><strong><em>condicio,</em></strong></span> <span class='ocrx_word' id='word_1_72' title='bbox 576 1224 710 1295; x_wconf 83' lang='lat' dir='ltr'><strong><em>coniuna,</em></strong></span> <span class='ocrx_word' id='word_1_73' title='bbox 732 1226 824 1282; x_wconf 87' lang='lat' dir='ltr'><strong><em>contio</em></strong></span> <span class='ocrx_word' id='word_1_74' title='bbox 838 1231 868 1281; x_wconf 88' lang='lat' dir='ltr'><strong><em>et</em></strong></span> <span class='ocrx_word' id='word_1_75' title='bbox 880 1225 1036 1293; x_wconf 87' lang='lat' dir='ltr'><strong><em>contionar,</em></strong></span> <span class='ocrx_word' id='word_1_76' title='bbox 1056 1223 1168 1292; x_wconf 76' lang='lat' dir='ltr'><strong><em>cotidie,</em></strong></span> <span class='ocrx_word' id='word_1_77' title='bbox 1187 1238 1272 1281; x_wconf 83' lang='lat' dir='ltr'><strong><em>cura-</em></strong></span> 
     </span>
     <span class='ocr_line' id='line_1_10' title="bbox 144 1326 1272 1410; baseline -0.001 -20"><span class='ocrx_word' id='word_1_78' title='bbox 144 1334 223 1405; x_wconf 85' lang='lat' dir='ltr'><strong><em>lium,</em></strong></span> <span class='ocrx_word' id='word_1_79' title='bbox 234 1333 390 1403; x_wconf 75' lang='lat' dir='ltr'><strong><em>Delmatia,</em></strong></span> <span class='ocrx_word' id='word_1_80' title='bbox 403 1334 435 1390; x_wconf 84' lang='lat' dir='ltr'><strong><em>di</em></strong></span> <span class='ocrx_word' id='word_1_81' title='bbox 443 1339 473 1390; x_wconf 81' lang='lat' dir='ltr'><strong><em>et</em></strong></span> <span class='ocrx_word' id='word_1_82' title='bbox 486 1335 543 1403; x_wconf 83' lang='lat' dir='ltr'><strong><em>dis,</em></strong></span> <span class='ocrx_word' id='word_1_83' title='bbox 556 1334 757 1409; x_wconf 75' lang='lat' dir='ltr'><strong><em>dysinteriam,</em></strong></span> <span class='ocrx_word' id='word_1_84' title='bbox 769 1336 902 1409; x_wconf 74' lang='lat' dir='ltr'><strong><em>epistula,</em></strong></span> <span class='ocrx_word' id='word_1_85' title='bbox 914 1336 1051 1404; x_wconf 76' lang='lat' dir='ltr'><strong><em>ceinture,</em></strong></span> <span class='ocrx_word' id='word_1_86' title='bbox 1060 1334 1199 1410; x_wconf 77' lang='lat' dir='ltr'><strong><em>factitius</em></strong></span> <span class='ocrx_word' id='word_1_87' title='bbox 1211 1326 1272 1408; x_wconf 79' lang='lat' dir='ltr'><strong><em>(uti</em></strong></span> 
     </span>
     <span class='ocr_line' id='line_1_11' title="bbox 138 1416 1273 1520; baseline -0.001 -20"><span class='ocrx_word' id='word_1_88' title='bbox 138 1416 275 1518; x_wconf 64' lang='lat' dir='ltr'><strong><em>emma,</em></strong></span> <span class='ocrx_word' id='word_1_89' title='bbox 283 1443 433 1520; x_wconf 60' lang='lat' dir='ltr'><strong><em>focatem,</em></strong></span> <span class='ocrx_word' id='word_1_90' title='bbox 447 1445 619 1518; x_wconf 59' lang='lat' dir='ltr'><strong><em>ponticum,</em></strong></span> <span class='ocrx_word' id='word_1_91' title='bbox 634 1444 813 1516; x_wconf 60' lang='lat' dir='ltr'><strong><em>autumas,</em></strong></span> <span class='ocrx_word' id='word_1_92' title='bbox 825 1446 980 1516; x_wconf 65' lang='lat' dir='ltr'><strong><em>uanum</em></strong></span> <span class='ocrx_word' id='word_1_93' title='bbox 992 1445 1176 1515; x_wconf 73' lang='lat' dir='ltr'><strong><em>moturum,</em></strong></span> <span class='ocrx_word' id='word_1_94' title='bbox 1195 1443 1273 1501; x_wconf 72' lang='lat' dir='ltr'><strong><em>uut-</em></strong></span> 
     </span>
     <span class='ocr_line' id='line_1_12' title="bbox 144 1542 1274 1634; baseline 0 -24"><span class='ocrx_word' id='word_1_95' title='bbox 144 1553 219 1622; x_wconf 83' lang='lat' dir='ltr'><strong><em>ciae,</em></strong></span> <span class='ocrx_word' id='word_1_96' title='bbox 232 1553 411 1624; x_wconf 83' lang='lat' dir='ltr'><strong><em>sodalicium,</em></strong></span> <span class='ocrx_word' id='word_1_97' title='bbox 427 1542 607 1625; x_wconf 81' lang='lat' dir='ltr'><strong><em>tribunicius,</em></strong></span> <span class='ocrx_word' id='word_1_98' title='bbox 622 1556 788 1626; x_wconf 74' lang='lat' dir='ltr'><strong><em>vacuatus,</em></strong></span> <span class='ocrx_word' id='word_1_99' title='bbox 800 1547 963 1634; x_wconf 86' lang='lat' dir='ltr'><strong><em>uiolocius),</em></strong></span> <span class='ocrx_word' id='word_1_100' title='bbox 972 1556 1081 1630; x_wconf 75' lang='lat' dir='ltr'><strong><em>suenus</em></strong></span> <span class='ocrx_word' id='word_1_101' title='bbox 1096 1556 1126 1611; x_wconf 85' lang='lat' dir='ltr'><strong><em>’et</em></strong></span> <span class='ocrx_word' id='word_1_102' title='bbox 1137 1556 1274 1630; x_wconf 78' lang='lat' dir='ltr'><strong><em>faenera-</em></strong></span> 
     </span>
     <span class='ocr_line' id='line_1_13' title="bbox 145 1650 1275 1741; baseline -0.001 -21"><span class='ocrx_word' id='word_1_103' title='bbox 145 1672 200 1733; x_wconf 87' lang='lat' dir='ltr'><strong><em>tor,</em></strong></span> <span class='ocrx_word' id='word_1_104' title='bbox 209 1664 349 1739; x_wconf 79' lang='lat' dir='ltr'><strong><em>foetidus,</em></strong></span> <span class='ocrx_word' id='word_1_105' title='bbox 359 1665 513 1740; x_wconf 77' lang='lat' dir='ltr'><strong><em>fecundus,</em></strong></span> <span class='ocrx_word' id='word_1_106' title='bbox 523 1650 680 1741; x_wconf 77' lang='lat' dir='ltr'><strong><em>ferumine,</em></strong></span> <span class='ocrx_word' id='word_1_107' title='bbox 688 1667 814 1741; x_wconf 71' lang='lat' dir='ltr'><strong><em>festuca,</em></strong></span> <span class='ocrx_word' id='word_1_108' title='bbox 823 1667 904 1741; x_wconf 85' lang='lat' dir='ltr'><strong><em>setas</em></strong></span> <span class='ocrx_word' id='word_1_109' title='bbox 915 1669 945 1721; x_wconf 86' lang='lat' dir='ltr'><strong><em>et</em></strong></span> <span class='ocrx_word' id='word_1_110' title='bbox 963 1666 1070 1740; x_wconf 79' lang='lat' dir='ltr'><strong><em>effetus,</em></strong></span> <span class='ocrx_word' id='word_1_111' title='bbox 1086 1664 1202 1738; x_wconf 70' lang='lat' dir='ltr'><strong><em>fiplino,</em></strong></span> <span class='ocrx_word' id='word_1_112' title='bbox 1215 1663 1275 1737; x_wconf 62' lang='lat' dir='ltr'><strong><em>fla:</em></strong></span> 
     </span>
     <span class='ocr_line' id='line_1_14' title="bbox 145 1760 1275 1850; baseline -0.002 -20"><span class='ocrx_word' id='word_1_113' title='bbox 145 1775 211 1842; x_wconf 92' lang='lat' dir='ltr'><strong><em>ctio,</em></strong></span> <span class='ocrx_word' id='word_1_114' title='bbox 226 1791 351 1847; x_wconf 74' lang='lat' dir='ltr'><strong><em>pemesco</em></strong></span> <span class='ocrx_word' id='word_1_115' title='bbox 368 1779 398 1830; x_wconf 87' lang='lat' dir='ltr'><strong><em>et</em></strong></span> <span class='ocrx_word' id='word_1_116' title='bbox 408 1760 550 1845; x_wconf 83' lang='lat' dir='ltr'><strong><em>tremesco,</em></strong></span> <span class='ocrx_word' id='word_1_117' title='bbox 564 1775 674 1850; x_wconf 75' lang='lat' dir='ltr'><strong><em>piacla,</em></strong></span> <span class='ocrx_word' id='word_1_118' title='bbox 689 1775 892 1845; x_wconf 87' lang='lat' dir='ltr'><strong><em>Hadriaticas,</em></strong></span> <span class='ocrx_word' id='word_1_119' title='bbox 907 1774 1027 1844; x_wconf 78' lang='lat' dir='ltr'><strong><em>laedas,</em></strong></span> <span class='ocrx_word' id='word_1_120' title='bbox 1042 1775 1137 1842; x_wconf 67' lang='lat' dir='ltr'><strong><em>lolem</em></strong></span> <span class='ocrx_word' id='word_1_121' title='bbox 1149 1772 1275 1829; x_wconf 73' lang='lat' dir='ltr'><strong><em>Mmmo·</em></strong></span> 
     </span>
     <span class='ocr_line' id='line_1_15' title="bbox 86 1879 1274 1963; baseline -0.003 -23"><span class='ocrx_word' id='word_1_122' title='bbox 86 1890 91 1907; x_wconf 81' lang='grc'><em>“</em></span> <span class='ocrx_word' id='word_1_123' title='bbox 146 1885 270 1963; x_wconf 77' lang='lat' dir='ltr'><strong><em>niacum,</em></strong></span> <span class='ocrx_word' id='word_1_124' title='bbox 286 1879 512 1953; x_wconf 80' lang='lat' dir='ltr'><strong><em>lsa&#39;mmouitrum,</em></strong></span> <span class='ocrx_word' id='word_1_125' title='bbox 528 1883 646 1952; x_wconf 79' lang='lat' dir='ltr'><strong><em>larena,</em></strong></span> <span class='ocrx_word' id='word_1_126' title='bbox 662 1883 803 1951; x_wconf 79' lang='lat' dir='ltr'><strong><em>larundo,</em></strong></span> <span class='ocrx_word' id='word_1_127' title='bbox 820 1883 910 1952; x_wconf 78' lang='lat' dir='ltr'><strong><em>lenes,</em></strong></span> <span class='ocrx_word' id='word_1_128' title='bbox 922 1882 1055 1952; x_wconf 81' lang='lat' dir='ltr'><strong><em>Hiberia,</em></strong></span> <span class='ocrx_word' id='word_1_129' title='bbox 1066 1881 1167 1956; x_wconf 76' lang='lat' dir='ltr'><strong><em>hyena,</em></strong></span> <span class='ocrx_word' id='word_1_130' title='bbox 1179 1881 1274 1950; x_wconf 91' lang='lat' dir='ltr'><strong><em>immo,</em></strong></span> 
     </span>
     <span class='ocr_line' id='line_1_16' title="bbox 147 1989 1276 2068; baseline -0.003 -20"><span class='ocrx_word' id='word_1_131' title='bbox 147 1993 283 2060; x_wconf 84' lang='lat' dir='ltr'><strong><em>inclutus,</em></strong></span> <span class='ocrx_word' id='word_1_132' title='bbox 298 1992 440 2065; x_wconf 72' lang='lat' dir='ltr'><strong><em>intelleqo,</em></strong></span> <span class='ocrx_word' id='word_1_133' title='bbox 456 1991 600 2068; x_wconf 82' lang='lat' dir='ltr'><strong><em>Iuppiter,</em></strong></span> <span class='ocrx_word' id='word_1_134' title='bbox 620 1994 726 2062; x_wconf 88' lang='lat' dir='ltr'><strong><em>lamna,</em></strong></span> <span class='ocrx_word' id='word_1_135' title='bbox 746 1993 892 2063; x_wconf 69' lang='lat' dir='ltr'><strong><em>lentecma,</em></strong></span> <span class='ocrx_word' id='word_1_136' title='bbox 911 1992 981 2048; x_wconf 86' lang='lat' dir='ltr'><strong><em>levis</em></strong></span> <span class='ocrx_word' id='word_1_137' title='bbox 995 1996 1027 2047; x_wconf 84' lang='lat' dir='ltr'><strong><em>et</em></strong></span> <span class='ocrx_word' id='word_1_138' title='bbox 1039 1992 1143 2059; x_wconf 84' lang='lat' dir='ltr'><strong><em>leuare,</em></strong></span> <span class='ocrx_word' id='word_1_139' title='bbox 1157 1989 1231 2046; x_wconf 88' lang='lat' dir='ltr'><strong><em>linia</em></strong></span> <span class='ocrx_word' id='word_1_140' title='bbox 1244 1994 1276 2047; x_wconf 81' lang='lat' dir='ltr'><strong><em>et</em></strong></span> 
     </span>
     <span class='ocr_line' id='line_1_17' title="bbox 147 2082 1273 2187; baseline -0.001 -29"><span class='ocrx_word' id='word_1_141' title='bbox 147 2102 353 2187; x_wconf 80' lang='lat' dir='ltr'><strong><em>liniamentum,</em></strong></span> <span class='ocrx_word' id='word_1_142' title='bbox 374 2102 481 2171; x_wconf 83' lang='lat' dir='ltr'><strong><em>littera,</em></strong></span> <span class='ocrx_word' id='word_1_143' title='bbox 499 2103 578 2173; x_wconf 85' lang='lat' dir='ltr'><strong><em>litus,</em></strong></span> <span class='ocrx_word' id='word_1_144' title='bbox 600 2102 707 2176; x_wconf 75' lang='lat' dir='ltr'><strong><em>lollipo,</em></strong></span> <span class='ocrx_word' id='word_1_145' title='bbox 728 2119 839 2158; x_wconf 84' lang='lat' dir='ltr'><strong><em>maeror</em></strong></span> <span class='ocrx_word' id='word_1_146' title='bbox 859 2108 1043 2173; x_wconf 75' lang='lat' dir='ltr'><strong><em>einamma,</em></strong></span> <span class='ocrx_word' id='word_1_147' title='bbox 1062 2082 1273 2176; x_wconf 76' lang='lat' dir='ltr'><strong><em>manipretium,</em></strong></span> 
     </span>
     <span class='ocr_line' id='line_1_18' title="bbox 149 2209 1276 2298; baseline -0.002 -29"><span class='ocrx_word' id='word_1_148' title='bbox 149 2211 346 2281; x_wconf 83' lang='lat' dir='ltr'><strong><em>Mauretania,</em></strong></span> <span class='ocrx_word' id='word_1_149' title='bbox 360 2229 452 2298; x_wconf 82' lang='lat' dir='ltr'><strong><em>mena,</em></strong></span> <span class='ocrx_word' id='word_1_150' title='bbox 466 2214 587 2270; x_wconf 77' lang='lat' dir='ltr'><strong><em>milleet</em></strong></span> <span class='ocrx_word' id='word_1_151' title='bbox 600 2214 690 2283; x_wconf 90' lang='lat' dir='ltr'><strong><em>milia,</em></strong></span> <span class='ocrx_word' id='word_1_152' title='bbox 704 2213 913 2284; x_wconf 88' lang='lat' dir='ltr'><strong><em>monimentum,</em></strong></span> <span class='ocrx_word' id='word_1_153' title='bbox 928 2230 1047 2270; x_wconf 85' lang='lat' dir='ltr'><strong><em>murena</em></strong></span> <span class='ocrx_word' id='word_1_154' title='bbox 1067 2217 1097 2270; x_wconf 87' lang='lat' dir='ltr'><strong><em>et</em></strong></span> <span class='ocrx_word' id='word_1_155' title='bbox 1111 2211 1144 2269; x_wconf 92' lang='lat' dir='ltr'><strong><em>in</em></strong></span> <span class='ocrx_word' id='word_1_156' title='bbox 1157 2209 1276 2267; x_wconf 88' lang='lat' dir='ltr'><strong><em>nomine</em></strong></span> 
     </span>
     <span class='ocr_line' id='line_1_19' title="bbox 148 2319 1277 2397; baseline -0.001 -19"><span class='ocrx_word' id='word_1_157' title='bbox 148 2319 326 2396; x_wconf 81' lang='lat' dir='ltr'><strong><em>appellativo</em></strong></span> <span class='ocrx_word' id='word_1_158' title='bbox 340 2327 370 2378; x_wconf 91' lang='lat' dir='ltr'><strong><em>et</em></strong></span> <span class='ocrx_word' id='word_1_159' title='bbox 383 2321 513 2397; x_wconf 89' lang='lat' dir='ltr'><strong><em>proprio,</em></strong></span> <span class='ocrx_word' id='word_1_160' title='bbox 528 2340 640 2394; x_wconf 87' lang='lat' dir='ltr'><strong><em>murra,</em></strong></span> <span class='ocrx_word' id='word_1_161' title='bbox 655 2324 770 2393; x_wconf 85' lang='lat' dir='ltr'><strong><em>nausia,</em></strong></span> <span class='ocrx_word' id='word_1_162' title='bbox 786 2323 931 2392; x_wconf 83' lang='lat' dir='ltr'><strong><em>obscenus,</em></strong></span> <span class='ocrx_word' id='word_1_163' title='bbox 943 2330 979 2397; x_wconf 85' lang='lat' dir='ltr'><strong><em>pt</em></strong></span> <span class='ocrx_word' id='word_1_164' title='bbox 997 2321 1029 2379; x_wconf 92' lang='lat' dir='ltr'><strong><em>in</em></strong></span> <span class='ocrx_word' id='word_1_165' title='bbox 1050 2320 1154 2378; x_wconf 87' lang='lat' dir='ltr'><strong><em>formis</em></strong></span> <span class='ocrx_word' id='word_1_166' title='bbox 1174 2319 1277 2394; x_wconf 87' lang='lat' dir='ltr'><strong><em>quales</em></strong></span> 
     </span>
     <span class='ocr_line' id='line_1_20' title="bbox 149 2431 1277 2510; baseline 0.002 -22"><span class='ocrx_word' id='word_1_167' title='bbox 149 2437 218 2488; x_wconf 84' lang='lat' dir='ltr'><strong><em>eunt</em></strong></span> <span class='ocrx_word' id='word_1_168' title='bbox 240 2431 404 2507; x_wconf 77' lang='lat' dir='ltr'><strong><em>ademptus,</em></strong></span> <span class='ocrx_word' id='word_1_169' title='bbox 428 2441 554 2509; x_wconf 83' lang='lat' dir='ltr'><strong><em>emptus,</em></strong></span> <span class='ocrx_word' id='word_1_170' title='bbox 579 2441 740 2510; x_wconf 83' lang='lat' dir='ltr'><strong><em>coemptus,</em></strong></span> <span class='ocrx_word' id='word_1_171' title='bbox 770 2441 914 2508; x_wconf 82' lang='lat' dir='ltr'><strong><em>sumptus,</em></strong></span> <span class='ocrx_word' id='word_1_172' title='bbox 941 2440 1058 2507; x_wconf 86' lang='lat' dir='ltr'><strong><em>tempto,</em></strong></span> <span class='ocrx_word' id='word_1_173' title='bbox 1083 2437 1147 2490; x_wconf 87' lang='lat' dir='ltr'><strong><em>tum</em></strong></span> <span class='ocrx_word' id='word_1_174' title='bbox 1170 2446 1277 2507; x_wconf 79' lang='lat' dir='ltr'><strong><em>patrea,</em></strong></span> 
     </span>
     <span class='ocr_line' id='line_1_21' title="bbox 146 2542 1276 2620; baseline 0 -21"><span class='ocrx_word' id='word_1_175' title='bbox 146 2542 290 2616; x_wconf 85' lang='lat' dir='ltr'><strong><em>paenitet,</em></strong></span> <span class='ocrx_word' id='word_1_176' title='bbox 307 2543 466 2618; x_wconf 63' lang='lat' dir='ltr'><strong><em>paenarum</em></strong></span> <span class='ocrx_word' id='word_1_177' title='bbox 482 2544 587 2619; x_wconf 88' lang='lat' dir='ltr'><strong><em>pinna,</em></strong></span> <span class='ocrx_word' id='word_1_178' title='bbox 608 2562 768 2620; x_wconf 73' lang='lat' dir='ltr'><strong><em>praeqnas,</em></strong></span> <span class='ocrx_word' id='word_1_179' title='bbox 780 2545 935 2620; x_wconf 79' lang='lat' dir='ltr'><strong><em>protinus,</em></strong></span> <span class='ocrx_word' id='word_1_180' title='bbox 952 2544 1121 2619; x_wconf 71' lang='lat' dir='ltr'><strong><em>psilotrum,</em></strong></span> <span class='ocrx_word' id='word_1_181' title='bbox 1136 2543 1276 2617; x_wconf 78' lang='lat' dir='ltr'><strong><em>puleium,</em></strong></span> 
     </span>
     <span class='ocr_line' id='line_1_22' title="bbox 146 2649 1277 2729; baseline -0.001 -19"><span class='ocrx_word' id='word_1_182' title='bbox 146 2652 265 2726; x_wconf 82' lang='lat' dir='ltr'><strong><em>pusula,</em></strong></span> <span class='ocrx_word' id='word_1_183' title='bbox 287 2653 454 2728; x_wconf 75' lang='lat' dir='ltr'><strong><em>quadripes,</em></strong></span> <span class='ocrx_word' id='word_1_184' title='bbox 477 2661 622 2726; x_wconf 85' lang='lat' dir='ltr'><strong><em>quattuor,</em></strong></span> <span class='ocrx_word' id='word_1_185' title='bbox 644 2655 806 2729; x_wconf 75' lang='lat' dir='ltr'><strong><em>qumquam,</em></strong></span> <span class='ocrx_word' id='word_1_186' title='bbox 833 2653 985 2727; x_wconf 79' lang='lat' dir='ltr'><strong><em>quidquid,</em></strong></span> <span class='ocrx_word' id='word_1_187' title='bbox 1010 2649 1156 2722; x_wconf 78' lang='lat' dir='ltr'><strong><em>Quintiae,</em></strong></span> <span class='ocrx_word' id='word_1_188' title='bbox 1182 2652 1277 2726; x_wconf 86' lang='lat' dir='ltr'><strong><em>quati·</em></strong></span> 
     </span>
     <span class='ocr_line' id='line_1_23' title="bbox 150 2753 1277 2841; baseline -0.002 -22"><span class='ocrx_word' id='word_1_189' title='bbox 150 2778 200 2819; x_wconf 85' lang='lat' dir='ltr'><strong><em>ens</em></strong></span> <span class='ocrx_word' id='word_1_190' title='bbox 212 2754 275 2841; x_wconf 86' lang='lat' dir='ltr'><strong><em>(uti</em></strong></span> <span class='ocrx_word' id='word_1_191' title='bbox 293 2763 427 2839; x_wconf 84' lang='lat' dir='ltr'><strong><em>septiens,</em></strong></span> <span class='ocrx_word' id='word_1_192' title='bbox 449 2753 576 2840; x_wconf 87' lang='lat' dir='ltr'><strong><em>totiens),</em></strong></span> <span class='ocrx_word' id='word_1_193' title='bbox 599 2763 705 2835; x_wconf 74' lang='lat' dir='ltr'><strong><em>robiqo,</em></strong></span> <span class='ocrx_word' id='word_1_194' title='bbox 725 2761 844 2830; x_wconf 86' lang='lat' dir='ltr'><strong><em>sallum,-</em></strong></span> <span class='ocrx_word' id='word_1_195' title='bbox 866 2760 1018 2829; x_wconf 83' lang='lat' dir='ltr'><strong><em>aaeeaium,</em></strong></span> <span class='ocrx_word' id='word_1_196' title='bbox 1039 2760 1148 2834; x_wconf 88' lang='lat' dir='ltr'><strong><em>saepia,</em></strong></span> <span class='ocrx_word' id='word_1_197' title='bbox 1167 2769 1277 2834; x_wconf 88' lang='lat' dir='ltr'><strong><em>saepta,</em></strong></span> 
     </span>
    </p>
   </div>
   <div class='ocr_carea' id='block_1_4' title="bbox 53 2868 1279 2946">
    <p class='ocr_par' dir='ltr' id='par_1_4' title="bbox 53 2868 1279 2946">
     <span class='ocr_line' id='line_1_24' title="bbox 53 2868 1279 2946; baseline -0.004 -15"><span class='ocrx_word' id='word_1_198' title='bbox 53 2900 58 2915; x_wconf 82' lang='lat'>=</span> <span class='ocrx_word' id='word_1_199' title='bbox 150 2881 239 2944; x_wconf 78' lang='lat' dir='ltr'><strong><em>suem,</em></strong></span> <span class='ocrx_word' id='word_1_200' title='bbox 264 2873 436 2941; x_wconf 85' lang='lat' dir='ltr'><strong><em>sandaraca,</em></strong></span> <span class='ocrx_word' id='word_1_201' title='bbox 462 2889 574 2942; x_wconf 87' lang='lat' dir='ltr'><strong><em>scaena,</em></strong></span> <span class='ocrx_word' id='word_1_202' title='bbox 600 2871 750 2946; x_wconf 76' lang='lat' dir='ltr'><strong><em>maniplo,</em></strong></span> <span class='ocrx_word' id='word_1_203' title='bbox 774 2871 948 2945; x_wconf 75' lang='lat' dir='ltr'><strong><em>scripulum,</em></strong></span> <span class='ocrx_word' id='word_1_204' title='bbox 973 2868 1082 2939; x_wconf 85' lang='lat' dir='ltr'><strong><em>sebum,</em></strong></span> <span class='ocrx_word' id='word_1_205' title='bbox 1112 2870 1279 2943; x_wconf 72' lang='lat' dir='ltr'><strong><em>septentrio,</em></strong></span> 
     </span>
    </p>
   </div>
   <div class='ocr_carea' id='block_1_5' title="bbox 150 2966 1280 3495">
    <p class='ocr_par' dir='ltr' id='par_1_5' title="bbox 150 2966 1280 3495">
     <span class='ocr_line' id='line_1_25' title="bbox 151 2966 1280 3058; baseline -0.003 -20"><span class='ocrx_word' id='word_1_206' title='bbox 151 2980 340 3058; x_wconf 71' lang='lat' dir='ltr'><strong><em>sepulchrum,</em></strong></span> <span class='ocrx_word' id='word_1_207' title='bbox 361 2982 554 3051; x_wconf 77' lang='lat' dir='ltr'><strong><em>simulacrum,</em></strong></span> <span class='ocrx_word' id='word_1_208' title='bbox 569 2982 679 3052; x_wconf 85' lang='lat' dir='ltr'><strong><em>sollers,</em></strong></span> <span class='ocrx_word' id='word_1_209' title='bbox 694 2981 848 3057; x_wconf 76' lang='lat' dir='ltr'><strong><em>ephyrena,</em></strong></span> <span class='ocrx_word' id='word_1_210' title='bbox 864 2997 998 3056; x_wconf 77' lang='lat' dir='ltr'><strong><em>sponpea,</em></strong></span> <span class='ocrx_word' id='word_1_211' title='bbox 1013 2966 1135 3049; x_wconf 63' lang='lat' dir='ltr'><strong><em>cadolum</em></strong></span> <span class='ocrx_word' id='word_1_212' title='bbox 1149 2995 1236 3036; x_wconf 83' lang='lat' dir='ltr'><strong><em>anons</em></strong></span> <span class='ocrx_word' id='word_1_213' title='bbox 1250 2986 1280 3035; x_wconf 88' lang='lat' dir='ltr'><strong><em>et</em></strong></span> 
     </span>
     <span class='ocr_line' id='line_1_26' title="bbox 150 3090 1277 3173; baseline -0.004 -24"><span class='ocrx_word' id='word_1_214' title='bbox 150 3092 290 3167; x_wconf 63' lang='lat' dir='ltr'><strong><em>sumnum,</em></strong></span> <span class='ocrx_word' id='word_1_215' title='bbox 305 3091 477 3173; x_wconf 72' lang='lat' dir='ltr'><strong><em>suppillatio2</em></strong></span> <span class='ocrx_word' id='word_1_216' title='bbox 492 3092 606 3166; x_wconf 88' lang='lat' dir='ltr'><strong><em>sulpur,</em></strong></span> <span class='ocrx_word' id='word_1_217' title='bbox 620 3094 741 3167; x_wconf 76' lang='lat' dir='ltr'><strong><em>sumpsi,</em></strong></span> <span class='ocrx_word' id='word_1_218' title='bbox 757 3091 875 3162; x_wconf 82' lang='lat' dir='ltr'><strong><em>tablina,</em></strong></span> <span class='ocrx_word' id='word_1_219' title='bbox 891 3100 989 3161; x_wconf 88' lang='lat' dir='ltr'><strong><em>taeter,</em></strong></span> <span class='ocrx_word' id='word_1_220' title='bbox 1004 3090 1192 3165; x_wconf 77' lang='lat' dir='ltr'><strong><em>tepimentnm,</em></strong></span> <span class='ocrx_word' id='word_1_221' title='bbox 1208 3097 1277 3146; x_wconf 84' lang='lat' dir='ltr'><strong><em>tua-</em></strong></span> 
     </span>
     <span class='ocr_line' id='line_1_27' title="bbox 151 3200 1279 3278; baseline -0.003 -17"><span class='ocrx_word' id='word_1_222' title='bbox 151 3219 213 3273; x_wconf 82' lang='lat' dir='ltr'><strong><em>sne,-</em></strong></span> <span class='ocrx_word' id='word_1_223' title='bbox 226 3211 283 3272; x_wconf 81' lang='lat' dir='ltr'><strong><em>tus,</em></strong></span> <span class='ocrx_word' id='word_1_224' title='bbox 298 3203 392 3271; x_wconf 71' lang='lat' dir='ltr'><strong><em>amus,</em></strong></span> <span class='ocrx_word' id='word_1_225' title='bbox 419 3201 529 3271; x_wconf 85' lang='lat' dir='ltr'><strong><em>Uliaes,</em></strong></span> <span class='ocrx_word' id='word_1_226' title='bbox 551 3221 675 3274; x_wconf 78' lang='lat' dir='ltr'><strong><em>amaus,</em></strong></span> <span class='ocrx_word' id='word_1_227' title='bbox 699 3220 780 3259; x_wconf 91' lang='lat' dir='ltr'><strong><em>umor</em></strong></span> <span class='ocrx_word' id='word_1_228' title='bbox 794 3208 824 3258; x_wconf 87' lang='lat' dir='ltr'><strong><em>et</em></strong></span> <span class='ocrx_word' id='word_1_229' title='bbox 838 3205 995 3278; x_wconf 78' lang='lat' dir='ltr'><strong><em>timefactus</em></strong></span> <span class='ocrx_word' id='word_1_230' title='bbox 1010 3207 1041 3259; x_wconf 89' lang='lat' dir='ltr'><strong><em>et</em></strong></span> <span class='ocrx_word' id='word_1_231' title='bbox 1054 3201 1179 3270; x_wconf 84' lang='lat' dir='ltr'><strong><em>umidus,</em></strong></span> <span class='ocrx_word' id='word_1_232' title='bbox 1193 3200 1279 3259; x_wconf 85' lang='lat' dir='ltr'><strong><em>vatil-</em></strong></span> 
     </span>
     <span class='ocr_line' id='line_1_28' title="bbox 152 3307 1278 3384; baseline -0.001 -16"><span class='ocrx_word' id='word_1_233' title='bbox 152 3312 220 3369; x_wconf 89' lang='lat' dir='ltr'><strong><em>lum.</em></strong></span> <span class='ocrx_word' id='word_1_234' title='bbox 248 3307 460 3368; x_wconf 85' lang='lat' dir='ltr'><strong><em>Accusativum</em></strong></span> <span class='ocrx_word' id='word_1_235' title='bbox 478 3310 604 3384; x_wconf 89' lang='lat' dir='ltr'><strong><em>pluralis</em></strong></span> <span class='ocrx_word' id='word_1_236' title='bbox 628 3310 732 3369; x_wconf 79' lang='lat' dir='ltr'><strong><em>tertiae</em></strong></span> <span class='ocrx_word' id='word_1_237' title='bbox 759 3309 961 3369; x_wconf 79' lang='lat' dir='ltr'><strong><em>declinationis</em></strong></span> <span class='ocrx_word' id='word_1_238' title='bbox 989 3326 1091 3368; x_wconf 87' lang='lat' dir='ltr'><strong><em>eorum</em></strong></span> <span class='ocrx_word' id='word_1_239' title='bbox 1117 3309 1278 3380; x_wconf 87' lang='lat' dir='ltr'><strong><em>nominum,</em></strong></span> 
     </span>
     <span class='ocr_line' id='line_1_29' title="bbox 153 3408 1278 3495; baseline 0.003 -19"><span class='ocrx_word' id='word_1_240' title='bbox 153 3435 230 3493; x_wconf 84' lang='lat' dir='ltr'><strong><em>qnae</em></strong></span> <span class='ocrx_word' id='word_1_241' title='bbox 250 3408 411 3494; x_wconf 76' lang='lat' dir='ltr'><strong><em>genitimm</em></strong></span> <span class='ocrx_word' id='word_1_242' title='bbox 430 3419 556 3495; x_wconf 84' lang='lat' dir='ltr'><strong><em>pluralia</em></strong></span> <span class='ocrx_word' id='word_1_243' title='bbox 575 3419 607 3476; x_wconf 92' lang='lat' dir='ltr'><strong><em>in</em></strong></span> <span class='ocrx_word' id='word_1_244' title='bbox 626 3423 685 3478; x_wconf 89' lang='lat' dir='ltr'><strong><em>ium</em></strong></span> <span class='ocrx_word' id='word_1_245' title='bbox 703 3420 834 3493; x_wconf 85' lang='lat' dir='ltr'><strong><em>fingunt,</em></strong></span> <span class='ocrx_word' id='word_1_246' title='bbox 856 3437 910 3494; x_wconf 86' lang='lat' dir='ltr'><strong><em>per</em></strong></span> <span class='ocrx_word' id='word_1_247' title='bbox 929 3416 958 3478; x_wconf 86' lang='lat' dir='ltr'><strong><em>is</em></strong></span> <span class='ocrx_word' id='word_1_248' title='bbox 976 3418 1095 3494; x_wconf 84' lang='lat' dir='ltr'><strong><em>scripsi3</em></strong></span> <span class='ocrx_word' id='word_1_249' title='bbox 1116 3419 1278 3494; x_wconf 87' lang='lat' dir='ltr'><strong><em>genitivum</em></strong></span> 
     </span>
    </p>
   </div>
   <div class='ocr_carea' id='block_1_6' title="bbox 52 3527 1279 3604">
    <p class='ocr_par' dir='ltr' id='par_1_6' title="bbox 52 3527 1279 3604">
     <span class='ocr_line' id='line_1_30' title="bbox 52 3527 1279 3604; baseline -0.001 -17"><span class='ocrx_word' id='word_1_250' title='bbox 52 3576 59 3587; x_wconf 92' lang='lat'><strong><em>.</em></strong></span> <span class='ocrx_word' id='word_1_251' title='bbox 152 3527 312 3604; x_wconf 77' lang='lat' dir='ltr'><strong><em>singulauie</em></strong></span> <span class='ocrx_word' id='word_1_252' title='bbox 332 3529 448 3589; x_wconf 88' lang='lat' dir='ltr'><strong><em>numeri</em></strong></span> <span class='ocrx_word' id='word_1_253' title='bbox 469 3528 614 3588; x_wconf 82' lang='lat' dir='ltr'><strong><em>secundae</em></strong></span> <span class='ocrx_word' id='word_1_254' title='bbox 635 3527 837 3589; x_wconf 78' lang='lat' dir='ltr'><strong><em>declinationis</em></strong></span> <span class='ocrx_word' id='word_1_255' title='bbox 857 3545 960 3586; x_wconf 89' lang='lat' dir='ltr'><strong><em>eorum</em></strong></span> <span class='ocrx_word' id='word_1_256' title='bbox 974 3527 1136 3601; x_wconf 89' lang='lat' dir='ltr'><strong><em>nominum,</em></strong></span> <span class='ocrx_word' id='word_1_257' title='bbox 1152 3545 1279 3603; x_wconf 89' lang='lat' dir='ltr'><strong><em>qnorum</em></strong></span> 
     </span>
    </p>
   </div>
   <div class='ocr_carea' id='block_1_7' title="bbox 145 3634 1280 4149">
    <p class='ocr_par' dir='ltr' id='par_1_7' title="bbox 145 3634 1280 4149">
     <span class='ocr_line' id='line_1_31' title="bbox 152 3634 1280 3710; baseline -0.004 -14"><span class='ocrx_word' id='word_1_258' title='bbox 152 3639 351 3703; x_wconf 78' lang='lat' dir='ltr'><strong><em>nominativus</em></strong></span> <span class='ocrx_word' id='word_1_259' title='bbox 373 3640 404 3698; x_wconf 93' lang='lat' dir='ltr'><strong><em>in</em></strong></span> <span class='ocrx_word' id='word_1_260' title='bbox 425 3642 471 3699; x_wconf 86' lang='lat' dir='ltr'><strong><em>ias</em></strong></span> <span class='ocrx_word' id='word_1_261' title='bbox 492 3639 541 3697; x_wconf 88' lang='lat' dir='ltr'><strong><em>vel</em></strong></span> <span class='ocrx_word' id='word_1_262' title='bbox 562 3642 621 3697; x_wconf 88' lang='lat' dir='ltr'><strong><em>iam</em></strong></span> <span class='ocrx_word' id='word_1_263' title='bbox 641 3639 714 3710; x_wconf 88' lang='lat' dir='ltr'><strong><em>exit,</em></strong></span> <span class='ocrx_word' id='word_1_264' title='bbox 738 3638 831 3696; x_wconf 84' lang='lat' dir='ltr'><strong><em>codex</em></strong></span> <span class='ocrx_word' id='word_1_265' title='bbox 849 3636 876 3695; x_wconf 94' lang='lat' dir='ltr'>B</span> <span class='ocrx_word' id='word_1_266' title='bbox 898 3646 1011 3697; x_wconf 88' lang='lat' dir='ltr'><strong><em>tantum</em></strong></span> <span class='ocrx_word' id='word_1_267' title='bbox 1026 3656 1086 3696; x_wconf 91' lang='lat' dir='ltr'><strong><em>non</em></strong></span> <span class='ocrx_word' id='word_1_268' title='bbox 1101 3636 1235 3695; x_wconf 88' lang='lat' dir='ltr'><strong><em>omnibus</em></strong></span> <span class='ocrx_word' id='word_1_269' title='bbox 1249 3634 1280 3692; x_wconf 91' lang='lat' dir='ltr'><strong><em>in</em></strong></span> 
     </span>
     <span class='ocr_line' id='line_1_32' title="bbox 151 3743 1279 3824; baseline -0.003 -20"><span class='ocrx_word' id='word_1_270' title='bbox 151 3747 224 3808; x_wconf 79' lang='lat' dir='ltr'><strong><em>loeis</em></strong></span> <span class='ocrx_word' id='word_1_271' title='bbox 243 3748 274 3807; x_wconf 90' lang='lat' dir='ltr'><strong><em>in</em></strong></span> <span class='ocrx_word' id='word_1_272' title='bbox 293 3751 306 3807; x_wconf 89' lang='lat' dir='ltr'><strong><em>i</em></strong></span> <span class='ocrx_word' id='word_1_273' title='bbox 323 3749 424 3823; x_wconf 80' lang='lat' dir='ltr'><strong><em>lingit3</em></strong></span> <span class='ocrx_word' id='word_1_274' title='bbox 444 3747 659 3824; x_wconf 78' lang='lat' dir='ltr'><strong><em>superlativum</em></strong></span> <span class='ocrx_word' id='word_1_275' title='bbox 679 3748 909 3820; x_wconf 84' lang='lat' dir='ltr'><strong><em>adiectivorum,</em></strong></span> <span class='ocrx_word' id='word_1_276' title='bbox 924 3749 982 3811; x_wconf 73' lang='lat' dir='ltr'><strong><em>‚ubi</em></strong></span> <span class='ocrx_word' id='word_1_277' title='bbox 1003 3755 1063 3805; x_wconf 89' lang='lat' dir='ltr'><strong><em>tres</em></strong></span> <span class='ocrx_word' id='word_1_278' title='bbox 1078 3743 1206 3823; x_wconf 83' lang='lat' dir='ltr'><strong><em>syllabas</em></strong></span> <span class='ocrx_word' id='word_1_279' title='bbox 1220 3760 1279 3802; x_wconf 92' lang='lat' dir='ltr'><strong><em>non</em></strong></span> 
     </span>
     <span class='ocr_line' id='line_1_33' title="bbox 151 3857 1278 3934; baseline -0.003 -19"><span class='ocrx_word' id='word_1_280' title='bbox 151 3857 324 3929; x_wconf 81' lang='lat' dir='ltr'><strong><em>excedebat,</em></strong></span> <span class='ocrx_word' id='word_1_281' title='bbox 340 3875 394 3931; x_wconf 89' lang='lat' dir='ltr'><strong><em>per</em></strong></span> <span class='ocrx_word' id='word_1_282' title='bbox 408 3857 574 3928; x_wconf 18' lang='lat' dir='ltr'><strong><em>usexaravi,</em></strong></span> <span class='ocrx_word' id='word_1_283' title='bbox 593 3857 624 3915; x_wconf 90' lang='lat' dir='ltr'><strong><em>in</em></strong></span> <span class='ocrx_word' id='word_1_284' title='bbox 642 3857 748 3916; x_wconf 84' lang='lat' dir='ltr'><strong><em>ceteris</em></strong></span> <span class='ocrx_word' id='word_1_285' title='bbox 770 3857 922 3934; x_wconf 83' lang='lat' dir='ltr'><strong><em>vulgarem</em></strong></span> <span class='ocrx_word' id='word_1_286' title='bbox 942 3857 1119 3932; x_wconf 88' lang='lat' dir='ltr'><strong><em>scripturam</em></strong></span> <span class='ocrx_word' id='word_1_287' title='bbox 1133 3869 1278 3927; x_wconf 79' lang='lat' dir='ltr'><strong><em>sequena3</em></strong></span> 
     </span>
     <span class='ocr_line' id='line_1_34' title="bbox 145 3964 1280 4040; baseline -0.004 -13"><span class='ocrx_word' id='word_1_288' title='bbox 145 3965 282 4027; x_wconf 73' lang='lat' dir='ltr'><strong><em>‚lituram</em></strong></span> <span class='ocrx_word' id='word_1_289' title='bbox 297 3984 325 4022; x_wconf 93' lang='lat' dir='ltr'><strong><em>m</em></strong></span> <span class='ocrx_word' id='word_1_290' title='bbox 340 3970 509 4023; x_wconf 80' lang='lat' dir='ltr'><strong><em>constanter</em></strong></span> <span class='ocrx_word' id='word_1_291' title='bbox 522 3965 632 4022; x_wconf 86' lang='lat' dir='ltr'><strong><em>retinui</em></strong></span> <span class='ocrx_word' id='word_1_292' title='bbox 646 3965 749 4023; x_wconf 85' lang='lat' dir='ltr'><strong><em>madiis</em></strong></span> <span class='ocrx_word' id='word_1_293' title='bbox 763 3965 793 4022; x_wconf 91' lang='lat' dir='ltr'><strong><em>in</em></strong></span> <span class='ocrx_word' id='word_1_294' title='bbox 808 3965 970 4037; x_wconf 86' lang='lat' dir='ltr'><strong><em>vocabulis,</em></strong></span> <span class='ocrx_word' id='word_1_295' title='bbox 985 3964 1037 4022; x_wconf 88' lang='lat' dir='ltr'><strong><em>ubi</em></strong></span> <span class='ocrx_word' id='word_1_296' title='bbox 1050 3964 1132 4022; x_wconf 86' lang='lat' dir='ltr'><strong><em>illam</em></strong></span> <span class='ocrx_word' id='word_1_297' title='bbox 1146 3964 1280 4040; x_wconf 85' lang='lat' dir='ltr'><strong><em>sequitur</em></strong></span> 
     </span>
     <span class='ocr_line' id='line_1_35' title="bbox 153 4049 1280 4149; baseline -0.001 -15"><span class='ocrx_word' id='word_1_298' title='bbox 153 4075 253 4134; x_wconf 88' lang='lat' dir='ltr'><strong><em>littera</em></strong></span> <span class='ocrx_word' id='word_1_299' title='bbox 273 4092 292 4149; x_wconf 87' lang='lat' dir='ltr'><em>q</em></span> <span class='ocrx_word' id='word_1_300' title='bbox 298 4073 408 4145; x_wconf 70' lang='lat' dir='ltr'><strong><em>,unde</em></strong></span> <span class='ocrx_word' id='word_1_301' title='bbox 429 4091 467 4131; x_wconf 86' lang='lat' dir='ltr'><strong><em>ex</em></strong></span> <span class='ocrx_word' id='word_1_302' title='bbox 487 4073 633 4131; x_wconf 79' lang='lat' dir='ltr'><strong><em>constanti</em></strong></span> <span class='ocrx_word' id='word_1_303' title='bbox 652 4073 826 4132; x_wconf 86' lang='lat' dir='ltr'><strong><em>auctoritate</em></strong></span> <span class='ocrx_word' id='word_1_304' title='bbox 848 4049 954 4133; x_wconf 88' lang='lat' dir='ltr'><strong><em>codicis</em></strong></span> <span class='ocrx_word' id='word_1_305' title='bbox 972 4072 1000 4132; x_wconf 93' lang='grc' dir='ltr'>Β</span> <span class='ocrx_word' id='word_1_306' title='bbox 1022 4074 1208 4135; x_wconf 64' lang='lat' dir='ltr'><strong><em>contendum</em></strong></span> <span class='ocrx_word' id='word_1_307' title='bbox 1221 4074 1280 4135; x_wconf 81' lang='lat' dir='ltr'><strong><em>tuit</em></strong></span> 
     </span>
    </p>
   </div>
   <div class='ocr_carea' id='block_1_8' title="bbox 156 4185 1279 4274">
    <p class='ocr_par' dir='ltr' id='par_1_8' title="bbox 156 4185 1279 4274">
     <span class='ocr_line' id='line_1_36' title="bbox 156 4185 1279 4274; baseline -0.003 -27"><span class='ocrx_word' id='word_1_308' title='bbox 156 4188 337 4263; x_wconf 71' lang='lat' dir='ltr'><strong><em>anuumque,</em></strong></span> <span class='ocrx_word' id='word_1_309' title='bbox 351 4185 527 4263; x_wconf 84' lang='lat' dir='ltr'><strong><em>ubicumque,</em></strong></span> <span class='ocrx_word' id='word_1_310' title='bbox 542 4194 696 4262; x_wconf 70' lang='lat' dir='ltr'><strong><em>umquam,</em></strong></span> <span class='ocrx_word' id='word_1_311' title='bbox 712 4203 854 4274; x_wconf 85' lang='lat' dir='ltr'><strong><em>umquam,</em></strong></span> <span class='ocrx_word' id='word_1_312' title='bbox 870 4204 1032 4264; x_wconf 85' lang='lat' dir='ltr'><strong><em>numquam,</em></strong></span> <span class='ocrx_word' id='word_1_313' title='bbox 1044 4189 1196 4266; x_wconf 85' lang='lat' dir='ltr'><strong><em>utrimque,</em></strong></span> <span class='ocrx_word' id='word_1_314' title='bbox 1211 4203 1279 4247; x_wconf 88' lang='lat' dir='ltr'><strong><em>cum</em></strong></span> 
     </span>
    </p>
   </div>
   <div class='ocr_carea' id='block_1_9' title="bbox 0 0 1460 4794">
    <p class='ocr_par' dir='ltr' id='par_1_9' title="bbox 0 0 1460 4794">
     <span class='ocr_line' id='line_1_37' title="bbox 0 0 1460 4794; baseline 0 0"><span class='ocrx_word' id='word_1_315' title='bbox 0 0 1460 4794; x_wconf 95' lang='lat' dir='ltr'><strong><em> </em></strong></span> 
     </span>
    </p>
   </div>
  </div>
 </body>
</html>
