2888 4794
601 330 816 376 amanium.
1252 317 1272 380 3

153 504 262 549 omnes
290 504 386 566 quam
413 505 454 548 ex
481 504 584 566 aequo
612 494 719 547 tecum
742 484 830 547 vivat
850 483 1018 569 inperium.
1057 482 1301 571 Triumphalisa

153 604 186 661 et
212 593 376 660 censorius
404 603 440 657 tu
467 593 657 676 sexiensque
685 595 796 659 consul
823 617 862 659 ac
890 595 1077 660 tribuniciae
1103 595 1273 681 potestatis

152 702 315 792 particeps
337 714 380 781 et,
404 703 491 786 quod
510 703 561 767 his
582 703 720 778 nobilius
744 704 850 769 fecisti
865 704 942 769 dum
961 704 1040 771 illud
1056 703 1139 790 patri
1153 705 1273 790 pariter

154 824 188 881 et
207 813 351 898 equestri
371 813 475 879 ordini
496 823 652 898 praestas,
680 813 864 899 praefectus
886 814 1026 899 praetori
1048 814 1128 891 eius,
1151 815 1272 881 omnia-

154 946 217 1009 que
243 921 323 991 haec
344 923 392 989 rei
412 922 575 1009 publicae,
604 933 636 987 et
657 922 749 989 nobis
772 924 903 1007 quidem
930 925 1033 1008 qualis
1058 925 1093 989 in
1120 925 1274 991 castrensi

154 1076 285 1130 tamquam
296 1065 401 1115 vindicis
413 1064 452 1113 sui
463 1064 687 1113 commemorandi.
707 1061 774 1124 Quia
784 1079 845 1113 vero
857 1065 946 1114 Titum
955 1061 1006 1128 (tu)
1018 1064 1122 1116 Catullo
1134 1074 1273 1130 comparat,

154 1150 190 1187 ex
205 1135 276 1184 cuius
293 1132 445 1183 carminibus
461 1132 507 1183 illa
522 1132 599 1181 verba
616 1140 675 1181 sunt
691 1139 800 1195 sumpta,
818 1133 906 1182 Titum
918 1133 994 1183 etiam
1009 1135 1097 1185 eadem
1113 1134 1211 1184 radone
1224 1149 1275 1199 qua

155 1201 285 1265 Catullum
302 1215 377 1264 agere
394 1207 467 1263 optat
478 1207 511 1260 et,
528 1201 589 1248 dum
606 1200 667 1262 quid
679 1198 796 1249 Catullus
813 1201 951 1264 aliquando
963 1199 1050 1251 iecerit
1061 1208 1168 1263 enarrat,
1186 1202 1275 1251 Titum

154 1271 203 1323 sibi
218 1271 286 1323 idem
302 1268 429 1321 iacturum
445 1282 500 1318 esse
517 1276 667 1330 auguratum
689 1269 750 1317 Tito
768 1269 845 1330 igitur
860 1277 945 1332 partes
961 1268 1059 1321 Catulli
1074 1270 1184 1334 imponit
1200 1277 1274 1331 tecte,

155 1352 209 1388 non
225 1338 323 1388 disertis
340 1337 429 1397 verbis,
447 1344 473 1384 et
489 1337 550 1384 dum
562 1334 657 1385 Catulli
674 1337 824 1386 auctoritate
841 1351 868 1386 se
885 1338 968 1386 tutari·
978 1353 1039 1401 prae
1055 1352 1082 1387 se
1098 1336 1155 1399 fert,
1172 1338 1274 1401 proprie

154 1406 243 1457 Titum
254 1405 387 1469 significat.
409 1402 511 1454 Alludit
521 1417 581 1452 vero
592 1403 691 1453 Plinius
704 1405 736 1452 ad
749 1404 844 1454 Catulli
856 1420 957 1454 carmen
968 1406 1038 1467 XH,
1056 1419 1108 1468 quo
1126 1413 1203 1469 poeta
1213 1406 1273 1456 Asi-

155 1475 227 1525 nium
237 1481 267 1525 ut
280 1480 449 1537 surreptorem
457 1471 528 1520 liutei
535 1471 640 1540 ¹Saetabi
653 1471 804 1521 aVcrannio
814 1480 840 1522 et
848 1473 958 1523 Fabullo
970 1475 1018 1524 sibi
1026 1475 1097 1523 missi
1108 1475 1273 1538 persequitur,

156 1543 225 1606 quod
236 1541 333 1593 furtum
343 1556 376 1591 ne
388 1555 446 1589 cum
458 1539 534 1588 simili
545 1538 614 1588 furto
627 1540 737 1589 camnine
742 1541 829 1590 XXV.
842 1542 972 1604 exagitato
985 1541 1163 1602 confundatur,
1174 1542 1273 1592 Plinius

150 1608 286 1674 prioribus
298 1609 381 1670 addit;
403 1608 489 1671 priora
505 1614 590 1655 autern
606 1607 717 1657 Saetaba
732 1623 814 1671 neque
831 1610 911 1658 altera
927 1611 1144 1670 commemoravit,
1162 1617 1188 1660 et
1204 1612 1275 1674 quod

154 1679 183 1727 in
190 1677 222 1727 iis
233 1680 311 1727 modo
323 1676 446 1726 Verannii
463 1682 488 1724 et
499 1675 601 1725 Fabulli
612 1677 828 1725 commemorandi
841 1678 1002 1726 occasionem
1013 1679 1102 1727 habuit
1120 1686 1145 1727 et
1158 1680 1227 1740 quod
1238 1679 1275 1728 ita

154 1747 232 1795 modo
245 1746 306 1795 Tito
319 1751 436 1807 optatum
448 1758 521 1795 suum
535 1744 712 1792 commendare
723 1745 815 1806 potuit.
840 1744 944 1807 Optavit
956 1745 1059 1805 scilicet,
1071 1753 1101 1795 ut
1112 1746 1186 1795 Titus
1197 1747 1273 1795 bene-

153 1813 293 1863 volentiam
304 1813 356 1861 iam
367 1819 443 1860 antea
454 1808 501 1859 sibi
513 1811 659 1872 praestitam
671 1810 817 1860 etiamnunc
827 1819 966 1875 praestaret
982 1820 1007 1861 et
1019 1814 1175 1862 adversarios
1187 1814 1272 1874 Plinii,

153 1895 221 1946 quos
237 1881 281 1929 hic
295 1881 348 1929 iam
364 1881 395 1928 de
408 1878 464 1927 aliis
476 1878 528 1926 suis
540 1877 639 1939 scriptis
650 1886 739 1926 nactus
751 1885 804 1925 erat
816 1875 880 1939 (v.,§
893 1876 1024 1939 28-3t.)‚
1042 1882 1131 1929 eadem
1142 1880 1274 1930 severitate

152 1964 170 1999 a
186 1963 214 1998 se
231 1955 326 1996 arceret
342 1959 482 2006 eorumque
494 1944 635 2004 calumniis,
653 1959 715 2006 quas
727 1959 771 1992 cos
783 1959 869 1992 coram
881 1946 941 1994 Tito
953 1947 1098 2008 prolaturos
1115 1961 1170 1996 esse
1184 1949 1273 2011 opina·

152 2018 236 2076 batur,
254 2016 359 2063 eandem
376 2013 492 2062 duritiem
511 2018 660 2075 opponeret,
679 2026 755 2074 quam
767 2011 884 2061 Catullus
901 2014 1027 2076 prioribus
1043 2015 1158 2064 Saetabis
1176 2016 1223 2065 sibi
1239 2017 1273 2066 ab

152 2083 245 2135 Asinio
258 2082 363 2132 sublatis
374 2080 425 2129 furi
436 2088 597 2143 opposuerat.
622 2081 695 2128 Titus
706 2080 784 2142 igitur
795 2094 854 2128 cum
865 2090 1034 2144 componatur
1045 2082 1156 2143 Catullo,
1173 2085 1272 2137 Plinius

152 2151 283 2202 Veraunio
301 2157 327 2198 et
342 2148 461 2209 Fabullo,
477 2149 599 2197 naturalis
617 2148 724 2197 historia
739 2157 901 2212 comparatur
910 2149 990 2198 linteo
1003 2150 1121 2211 Saetabo,
1139 2166 1204 2214 qnae
1216 2166 1272 2201 mo-

153 2220 233 2270 destia
244 2219 314 2269 haud
325 2219 377 2267 scio
390 2232 423 2266 an
434 2216 514 2267 nimia
524 2223 660 2265 excusatur
671 2224 764 2276 tamen,
781 2217 802 2267 si
812 2219 976 2266 recordamur
985 2220 1128 2280 verborum,
1145 2234 1211 2282 quae
1222 2220 1271 2271 Ca·

152 2288 232 2338 mlius
243 2287 262 2337 l.
271 2287 290 2336 l.
302 2288 336 2344 ad
346 2286 503 2349 probandam
514 2298 588 2334 suam
598 2285 753 2335 iracundiam
767 2300 821 2334 non
835 2287 918 2335 minus
927 2287 1032 2335 nimiam
1040 2289 1164 2351 apposuit
1171 2286 1272 2355 (,‚quod

152 2368 194 2405 me
210 2370 264 2404 non
280 2362 366 2404 moret
382 2353 571 2414 aestimatione,
587 2368 675 2403 verum
692 2362 731 2403 est
745 2369 933 2418 mnemosynon
948 2355 999 2404 mei
1015 2352 1149 2418 sodalis.”)
1172 2357 1272 2418 Quodsi

151 2421 277 2485 Catullus,
294 2423 359 2472 baec
370 2423 421 2472 iam
433 2429 472 2471 est
481 2421 619 2475 iustissima
629 2422 707 2472 Plinii
718 2424 913 2485 argumentatio,
935 2424 1015 2473 linteo
1028 2423 1138 2474 Saetabo
1150 2441 1166 2475 a
1177 2427 1271 2476 sodali-

151 2493 200 2542 bus
210 2492 289 2541 misso
300 2498 400 2540 tantum
411 2491 519 2553 pretinm
530 2490 625 2552 tribuit,
642 2490 715 2542 Titus
727 2499 793 2540 certe
804 2506 858 2540 non
868 2492 953 2542 minus
964 2493 1057 2542 tribuet
1068 2495 1177 2543 naturali
1188 2495 1270 2544 histo-

151 2560 204 2610 riae
214 2576 231 2609 a
241 2558 327 2610 Plinio
340 2559 423 2608 sodali
437 2558 486 2608 sibi
497 2559 596 2607 missae.
620 2557 737 2609 Catullus
747 2574 808 2608 vero
821 2575 852 2610 ea
863 2563 893 2610 de
905 2575 982 2610 causa
993 2569 1046 2610 tarn
1058 2562 1231 2612 dmiusculum
1242 2577 1270 2613 se

152 2626 180 2678 in
189 2628 236 2678 illo
248 2628 359 2677 carmine
370 2626 438 2688 iecit,
456 2641 533 2688 quam
545 2626 718 2676 duriusculum
729 2642 756 2676 se
767 2642 822 2676 csse
834 2629 866 2676 ab
878 2629 965 2677 amicis
978 2630 1116 2678 errisdmari
1128 2628 1157 2692 (i.
1170 2644 1192 2679 e.
1204 2632 1269 2681 iudi-

152 2696 212 2758 cari,
228 2696 288 2746 coll.
301 2696 382 2758 intpp.
401 2696 434 2744 ad
448 2694 505 2743 Liv.
523 2699 563 2753 34,
576 2689 614 2753 2.)
631 2694 724 2753 voluit,
742 2695 759 2743 i.
772 2709 793 2743 e.
806 2693 923 2744 Catullus
934 2695 1003 2744 furto
1016 2697 1062 2745 illo
1074 2699 1153 2759 priori
1169 2700 1269 2749 detecm

152 2772 252 2815 nutum
266 2764 320 2813 irae
336 2770 413 2825 atque
429 2761 611 2827 indignationis
627 2761 751 2824 prodidit,
769 2769 893 2823 quantum
909 2763 957 2811 sibi
973 2765 1006 2812 ab
1021 2765 1109 2813 amicis
1121 2765 1173 2813 suis
1185 2766 1269 2827 tribul,

152 2840 276 2896 quantum
286 2832 338 2881 irae
349 2831 376 2879 in
387 2844 414 2880 se
425 2844 479 2879 esse
491 2829 587 2877 amieos
599 2843 660 2877 suos
671 2828 782 2877 indicare
792 2829 887 2889 voluit3
909 2830 992 2878 voluit
1003 2838 1095 2892 autern,
1116 2832 1154 2880 uti
1165 2844 1212 2894 par
1222 2840 1269 2893 est,

151 2901 248 2950 amicos
263 2914 324 2950 suos
341 2912 467 2948 summam
482 2897 547 2944 iram
563 2895 610 2944 sibi
627 2897 743 2956 tribuere,
760 2903 789 2945 ut
806 2897 850 2960 qui
866 2897 902 2946 ita
913 2900 982 2947 dono
995 2912 1042 2948 suo
1054 2915 1070 2949 a
1082 2898 1185 2949 Catullo
1200 2915 1268 2949 sum-

151 2984 222 3019 murn
238 2968 348 3032 pretium
363 2964 440 3015 tribui
454 2965 575 3013 riderent.
597 2965 669 3013 Idem
680 2964 757 3027 igitur
769 2965 801 3014 ab
812 2965 923 3015 amicitia
934 2966 987 3016 Titi
1002 2966 1050 3017 sibi
1061 2967 1182 3031 praestari
1199 2968 1269 3032 cupit

151 3034 258 3087 Plinius.
284 3034 404 3086 Ceterum
420 3048 486 3082 nnus
503 3033 546 3096 qui
563 3032 639 3081 huius
655 3033 707 3081 loci
718 3034 769 3081 vim
787 3039 812 3082 et
823 3035 973 3083 sententiam
984 3035 1075 3084 melius
1088 3037 1176 3086 ceteris
1192 3033 1267 3087 inter-

151 3104 264 3169 pretibus
274 3103 395 3154 uanam
405 3102 549 3161 Durandus,
562 3101 648 3164 paucis
659 3102 724 3150 veris
735 3101 817 3149 multa
827 3101 893 3150 falsa
904 3104 1044 3153 admiscuit.

185 3170 237 3232 32.
255 3168 331 3220 simul
343 3169 370 3222 er
382 3167 439 3231 iac,
456 3184 482 3235 η.
495 3209 524 3217 -
540 3166 659 3231 quadum,
674 3170 705 3218 P.
717 3169 788 3219 Haec
799 3170 867 3218 rec'te
878 3170 930 3218 inte
960 3178 1055 3221 retatus
1071 3180 1110 3222 est
1120 3173 1268 3223 Pollicerius

150 3252 193 3303 ap.
204 3238 372 3289 Harduinum.
382 3277 409 3285 ..
418 3246 502 3296 astra,
514 3231 537 3285 1.
550 3234 635 3297 basto,
647 3239 677 3286 P.
687 3277 714 3284 -
723 3243 822 3298 caecat,
835 3186 1012 3303 Tdeffqir
1021 3237 1161 3304 (Murbac.)
1173 3256 1267 3302 exeam,

151 3308 271 3361 Perottus
280 3308 313 3357 Κ.
326 3313 408 3367 creat,
424 3301 453 3367 β,
468 3307 538 3367 qnod
549 3305 622 3353 unico
633 3307 725 3366 probat
737 3305 942 3356 Schneidewinus
953 3307 981 3354 in
996 3310 1091 3358 nuntiis
1107 3311 1183 3360 litter.
1202 3311 1267 3361 Got-

149 3375 214 3439 ὥς.
227 3380 302 3426 iste.
313 3389 340 3438 p.
354 3376 428 3424 1817.
448 3374 514 3422 Vide
522 3374 636 3422 Iuvenal.
649 3379 673 3434 2,
688 3379 743 3423 136.
757 3381 785 3421 ut
797 3381 876 3422 tecam
887 3373 915 3421 in
927 3382 989 3423 acta
1000 3384 1081 3436 exeat,
1094 3377 1199 3428 Crusius
1207 3393 1266 3442 pro-

150 3442 228 3493 tabu
239 3443 293 3493 crit.
305 3448 330 3492 6.
345 3482 371 3490 -
387 3440 479 3501 sciant,
492 3442 523 3490 T.

183 3508 237 3570 98.
253 3507 428 3574 Tiiampialis
441 3510 535 3558 omisso
545 3516 576 3569 et,
586 3503 654 3558 lbd.
672 3506 847 3573 Triumphalia
856 3523 891 3571 cs,
900 3510 987 3560 Escor.
999 3512 1034 3562 1².
1043 3512 1078 3562 Π.
1095 3511 1266 3576 Triumphale,

149 3572 351 3644 Priapissdsccr.
362 3573 586 3639 1¹.)..censoriur
597 3583 623 3625 ta
632 3577 773 3640 sexiesque,
785 3579 925 3629 Rhenanus
936 3581 981 3629 ad.
994 3594 1083 3628 censor
1092 3579 1176 3630 instas
1185 3579 1267 3628 eries-

151 3658 213 3709 quo,
223 3646 344 3697 morbac.
362 3644 548 3695 conscribatur
561 3645 704 3708 carisque,
720 3646 745 3696 b.
758 3645 900 3695 censorium
917 3644 959 3695 ias
972 3661 1002 3694 ea·
1020 3648 1057 3696 eis
1071 3664 1148 3710 qaae,
1165 3649 1195 3697 P.
1209 3662 1265 3694 cca-

149 3713 247 3764 aort'am
263 3713 305 3763 ius
322 3712 449 3776 escisque,
466 3707 541 3780 Δηλ.
562 3711 676 3761 censorio
690 3754 719 3762 -
734 3714 837 3765 consule
851 3756 880 3763 -
892 3713 1035 3779 participe,
1057 3715 1164 3766 Salmas.
1182 3728 1265 3764 exerc.

149 3795 176 3845 p.
188 3788 248 3833 843.
260 3798 284 3832 a
296 3783 327 3833 E.
350 3783 382 3833 Id
392 3782 485 3846 partim
497 3783 647 3845 comprobat
658 3783 745 3832 Escor.
758 3785 793 3834 1¹.
810 3791 963 3846 sertumque,
976 3784 1009 3833 K.
1030 3797 1163 3844 caecaque,
1175 3783 1265 3831 Perot-

149 3856 199 3900 tus.
217 3848 405 3913 septimamque,
422 3857 495 3899 vetus
512 3849 642 3899 Chalderii
659 3864 699 3912 ap.
711 3851 951 3915 Dalecampium...
964 3850 1126 3910 tribuniciae,
1139 3850 1203 3898 abd.
1218 3848 1265 3898 tri-

133 3950 137 3959 ·
149 3915 259 3981 bubicio,
288 3913 311 3968 λ.
326 3916 485 3977 tribunitiae,
496 3918 526 3967 P.
540 3913 716 3977 tribunitiari.
726 3959 751 3966 ..
762 3927 786 3967 ei
799 3915 867 3982 quod
878 3916 914 3979 id,
926 3913 978 3968 Pl.
987 3957 1014 3966 ..
1023 3915 1094 3977 iaP.
1103 3958 1130 3964 -
1136 3913 1264 3981 putauit

146 3932 441 4049 patria.i².-ordiae‚
453 3986 482 4035 P.
491 3985 661 4048 ,praetoria
674 3980 883 4051 adePriqi1.
899 3984 1039 4048 praetorio,
1052 3980 1153 4047 ba.-
1168 3986 1264 4036 omnia-

149 4068 253 4116 qctca,a.
264 4091 291 4103 -
299 4051 465 4118 reipublicae,
477 4047 570 4101 ded
577 4047 623 4118 ηλ,
637 4053 676 4100 rei
682 4061 794 4116 praeest,
805 4050 965 4116 a(Murbac.)
976 4052 1015 4101 rei
1021 4051 1149 4115 publicae,
1154 4055 1264 4117 praebes

149 4118 259 4170 uasta
272 4119 372 4186 quidem
385 4118 492 4184 qualem,
508 4121 649 4170 Rhenanus
660 4135 783 4184 perquam
794 4121 970 4185 probabiliter,
989 4134 1046 4169 curn
1059 4135 1103 4185 per
1115 4123 1264 4186 scripturam

148 4188 281 4252 rugam
292 4196 363 4239 tetris
372 4190 415 4238 bic
426 4191 499 4239 locus
511 4186 564 4237 iere
576 4189 648 4237 omni
660 4190 847 4240 constructione
859 4196 950 4239 careat.
968 4190 1052 4239 Aliter
1064 4191 1128 4239 haee
1140 4192 1263 4255 interpre-

149 4261 255 4306 taturet
265 4251 423 4320 interpuuiu't
433 4258 511 4306 Ianus
521 4257 548 4305 in
560 4257 642 4307 diurn.
655 4259 732 4320 antiq.
748 4264 820 4308 1849.
834 4274 870 4308 nr.
886 4261 924 4308 tr.
938 4272 962 4322 p.
981 4263 1038 4308 453.
1048 4299 1075 4307 ..
1086 4254 1262 4325 qualiaPpi.

151 4319 230 4384 quai,
240 4316 270 4372 Δ.
284 4321 365 4385 quali,
376 4324 400 4372 b.
414 4321 554 4386 (Murbac.)
568 4322 651 4388 quala,
664 4327 717 4374 Td.

1058 4397 1071 4426 a
