2888 4794
619 303 728 348 urana
750 305 773 348 1.
1212 288 1251 350 87

134 452 237 517 lacae
246 454 280 516 ⁴⁶.
320 450 458 533 Quando
480 453 675 538 repositoriis
697 465 865 542 argentum
887 438 1089 518 additum⁴⁷.x
1113 453 1252 536 Quando

134 556 319 639 tympana⁴⁸
342 554 437 619 facta.
475 553 638 620 Inmodica
659 556 784 643 argenti
805 554 909 641 pretia
917 558 951 618 ⁴⁹.
989 554 1041 620 Dc
1064 559 1177 623 statuis
1200 581 1251 622 ar-

132 654 301 742 gessise.
339 654 529 722 Nobilitates
552 659 718 741 operum⁶l
743 661 808 721 et⁶²
830 655 987 720 artificum
1013 656 1046 719 in
1075 662 1251 745 argentata

132 755 185 821 De
200 756 309 834 sile⁶⁴;
333 757 423 841 quill
443 758 538 844 primi
561 758 618 823 sile
639 759 802 845 pinxerint
824 769 856 823 et
877 780 941 842 qua
955 758 1087 824 ratione.
1110 758 1163 823 De
1179 782 1252 825 cae-

132 857 271 937 rule0⁶⁰;
301 858 477 925 medicinae
501 883 541 924 ex
564 883 601 925 eo
624 864 691 923 11⁶⁷.
731 856 877 924 Summa:
902 859 1077 924 medicinae
1100 872 1133 924 et
1153 861 1252 927 histo-

133 960 199 1025 riae
222 963 288 1025 et⁶⁸
310 960 547 1027 observationes
568 965 721 1026 nonve.

175 1059 231 1125 Ex
257 1061 514 1129 Aucronnsus:
542 1063 728 1129 Domitiano
757 1060 894 1128 Caesare
905 1066 938 1140 ⁶⁰,
967 1062 1059 1128 Iunio
1089 1061 1252 1130 Graccha-

134 1166 219 1240 669,
241 1161 282 1228 L.
305 1161 422 1230 Pisone
431 1167 466 1243 ⁶²,
489 1163 648 1242 Verrio⁶³,
672 1163 720 1228 Μ.
743 1163 899 1242 Varrone,
930 1161 1069 1231 Corvino
1079 1168 1113 1242 ⁶⁴,
1142 1165 1253 1231 Attico

133 1261 319 1350 Pomponio,
343 1261 444 1330 Calvo
466 1263 601 1344 Licinio,
625 1263 774 1331 Cornelio
791 1265 928 1352 Nepote,
949 1265 1146 1344 Mucianossl,
1168 1265 1253 1332 Boe·

134 1363 238 1441 choil,
267 1364 409 1445 Fetiale,
439 1365 637 1446 Fenestella,
665 1367 795 1434 Valerio
822 1365 1018 1446 Maximoffl,
1047 1367 1130 1432 Iulio
1150 1366 1253 1433 Basso

134 1466 190 1552 qui
211 1466 252 1532 de
274 1468 432 1533 medicina
447 1465 573 1535 Graece
588 1469 725 1556 scripsit,
750 1466 863 1536 Sextio
872 1473 897 1511 ⁶⁸
911 1468 1012 1556 Nigro
1027 1471 1083 1554 qui
1093 1472 1117 1511 ⁰⁹
1131 1470 1209 1534 item
1218 1474 1251 1533 ²⁰.

175 1560 380 1635 Exnnnms:
403 1569 624 1657 Theophrasto
634 1575 668 1649 ⁷¹,
691 1570 887 1651 Democrito,
909 1570 1035 1648 Iubae,
1057 1570 1190 1637 Timaeo
1203 1570 1253 1637 hi·

135 1671 283 1737 storieo⁷³
306 1672 417 1756 quide
432 1673 590 1738 medicina
603 1673 765 1740 metallica
780 1672 951 1760 scepsius
974 1671 1159 1750 Heraclide,
1181 1671 1252 1737 An-

135 1772 222 1851 drea,
244 1772 400 1861 Diagora,
429 1772 560 1858 Botrye,
588 1773 827 1853 Archidemod,
855 1774 1023 1858 Dionysia,
1047 1774 1253 1861 Aristogene,

134 1872 289 1942 Demoele
299 1879 334 1955 ⁷⁶,
349 1875 500 1942 Mneside
509 1879 545 1954 ⁷⁷,
559 1876 671 1942 Attalo
685 1877 809 1942 medico
818 1879 853 1954 ⁷⁸,
870 1875 1056 1942 Xenocrate
1072 1874 1208 1941 Zenonis
1217 1877 1253 1951 ⁷⁹,

134 1973 359 2056 Theomnesto,
393 1977 633 2064 Nymphodoro,
666 1976 757 2056 Iolla,
790 1975 997 2064 Apollodoro,
1029 1975 1170 2042 Pasitele
1199 1976 1255 2061 qni

134 2078 324 2147 mirabilia⁸⁰
346 2104 445 2166 opera
466 2081 603 2166 scripsit,
626 2078 792 2167 Antigono
815 2080 933 2164 quide
957 2080 1154 2156 toreuticeffl,
1178 2076 1252 2143 Me-

135 2180 287 2247 naechmo
309 2184 364 2266 qui
385 2184 473 2260 item,
495 2182 681 2250 Xenocrate
692 2186 717 2224 ⁸2
739 2183 794 2267 qui
809 2183 897 2262 item,
919 2181 1046 2250 Duride
1062 2180 1117 2266 qui
1131 2181 1209 2245 item
1218 2181 1254 2256 ⁸³,

42 2345 50 2352 .
135 2279 314 2349 Menandro
335 2285 391 2368 qui
413 2284 454 2350 de
477 2286 654 2363 toreutis⁸4,
676 2283 852 2350 Heliodoro
874 2284 930 2368 qui
952 2283 992 2349 de
1008 2282 1256 2348 Atheniensium

136 2383 348 2451 anathematis
369 2387 545 2472 scripsit⁸⁵,
568 2385 756 2453 Metrodoro
778 2382 912 2473 Scepsio
923 2392 961 2450 ⁸⁶.

137 2592 301 2655 praemittunt
313 2593 366 2644 Τὰ
403 2597 443 2644 st.
462 2609 492 2641 es
505 2609 532 2643 eo
543 2595 583 2658 II,
595 2598 625 2645 B.
645 2610 675 2643 err
686 2593 804 2652 caeruleo,
816 2595 867 2644 Te.
887 2609 917 2642 er
929 2610 988 2653 eom,
1001 2595 1033 2642 V.
1070 2598 1110 2641 58.
1129 2601 1159 2650 et,
1175 2590 1256 2639 onritt

137 2658 167 2710 B.
204 2665 243 2708 69.
270 2656 420 2719 MGXXV,
441 2678 463 2709 a.
494 2658 610 2721 CXXV,
631 2663 662 2710 R.
693 2658 931 2720 CCLXXXVJII,
950 2661 981 2709 B.
1013 2655 1178 2715 COLXVH,
1199 2656 1255 2705 Vd.

141 2723 246 2787 GCLX,
262 2727 293 2776 T.
335 2734 374 2778 60.
396 2726 537 2777 Domitiano
558 2724 677 2787 Caesare,
693 2729 755 2777 BV.
777 2726 887 2776 Domitio
903 2724 1021 2784 Caesare,
1033 2727 1086 2774 Td.
1102 2725 1190 2774 Omisr.
1203 2724 1257 2782 Ra,

138 2809 203 2859 quos
214 2795 293 2845 libros
305 2809 353 2858 ego
366 2809 419 2844 non
430 2803 524 2844 temere
533 2797 674 2856 sequendos
684 2795 798 2853 arbitror,
808 2808 867 2842 cum
875 2794 1052 2844 Domitianum
1065 2799 1124 2840 ante
1133 2791 1257 2853 principa·

138 2869 179 2912 tus
190 2862 263 2912 initia
274 2863 363 2912 studiis
374 2861 520 2911 liberalibus
532 2862 644 2924 aliquam
656 2875 761 2923 operam
772 2861 869 2909 dedisse
880 2867 964 2909 narret
976 2858 1115 2909 Suetonius
1126 2857 1224 2907 Domit.
1235 2863 1258 2907 2.

138 2931 197 2980 coll.
211 2936 251 2980 20.
269 2931 311 2979 Ex
323 2929 377 2979 eins
388 2930 487 2992 scriptis
498 2929 596 2980 Plinius
608 2930 660 2978 hoc
671 2929 697 2977 in
708 2929 774 2978 libro
787 2927 885 2990 aliquid
894 2927 921 2976 iu
932 2941 1008 2976 usum
1019 2941 1095 2976 saum
1106 2925 1260 2974 convertisse

138 2999 265 3062 putandus
277 3002 323 3057 est,
345 3003 374 3045 ut
385 3003 411 3045 et
421 2997 458 3045 ita
469 3003 494 3045 et
504 2997 574 3047 illins
585 2997 690 3048 nomine
701 2997 744 3045 hic
757 3003 956 3045 commemorato
969 3002 1023 3044 tam
1038 2995 1088 3058 ipsi
1100 3007 1177 3057 quam
1193 2992 1260 3055 petri

139 3067 327 3131 gratificaretur.
364 3070 403 3113 61.
416 3063 494 3114 Innio
509 3061 668 3125 Graeciano,
679 3060 794 3116 BTVd.
808 3064 896 3115 Omitt.
908 3065 960 3113 Ra.
997 3068 1037 3112 62.
1060 3058 1092 3111 L.
1110 3059 1212 3120 Pisone,
1228 3060 1259 3110 Β.

139 3131 170 3183 L.
182 3132 285 3194 Praene,
297 3131 406 3192 Antiate,
418 3134 470 3182 Ra.
488 3133 577 3184 Omitt.
590 3133 673 3184 TVd.
710 3139 749 3183 66.
769 3131 864 3193 Verrio,
882 3133 964 3182 omitt
981 3130 1100 3192 aava
1118 3136 1145 3179 at
1155 3128 1205 3178 vid.
1219 3133 1260 3188 66,

140 3207 180 3252 66.
195 3208 251 3253 111.
262 3207 319 3251 112.
346 3207 386 3251 64.
399 3198 512 3264 Corvino,
524 3202 575 3253 Bd.
597 3199 723 3258 Corviaio,
733 3201 794 3251 TV.
808 3197 924 3249 Cornelio
933 3197 1035 3263 Nepote,
1048 3197 1173 3257 Messala,
1184 3193 1261 3260 Raso,

140 3271 191 3320 Ra.
227 3275 267 3320 65.
279 3268 362 3320 Attico
375 3267 674 3333 -·Maceano,BTVd.
698 3267 944 3334 Marsopoermta.
975 3264 1261 3326 se.Bocct0‚n'rvs.

141 3336 249 3400 Baccho,
269 3340 300 3388 B.
326 3334 420 3400 Baelo,
441 3353 464 3387 a.
490 3338 550 3388 Vid.
571 3339 655 3402 Hcyn.
681 3339 758 3400 antiq.
779 3335 903 3386 Aufsatze
915 3341 938 3396 2,
952 3341 992 3385 69.
1030 3337 1069 3385 67.
1088 3330 1262 3394 Manimo,bis

140 3404 218 3454 habet
232 3406 263 3454 B.
285 3403 428 3456 Fenestella
446 3445 478 3454 ..
496 3403 609 3455 Maximo
627 3405 710 3454 omitt.
726 3406 779 3453 Ra.
816 3409 855 3453 66.
874 3400 965 3463 Sardo,
982 3402 1062 3451 naa.
1081 3400 1165 3459 Sesto,
1178 3401 1261 3449 TVd.

142 3476 182 3520 69.
211 3471 259 3532 qai,
280 3472 311 3521 T.
332 3472 420 3523 Omitt
441 3473 576 3522 navae.
622 3475 661 3523 76.
683 3470 746 3531 item,
762 3471 875 3520 BTVd.
898 3471 961 3530 item,
978 3466 1061 3519 Fabio
1084 3465 1192 3529 Vestale,
1209 3468 1261 3516 Ra.

143 3540 183 3589 71.
197 3534 371 3603 lbeoplrasto,
384 3540 465 3590 omitt.
477 3540 529 3591 Ba.
543 3539 662 3590 Ceterum
673 3540 700 3588 in
711 3540 752 3589 bis
764 3539 837 3588 codd.
849 3537 954 3586 nomine
965 3535 1122 3598 singulorum
1132 3540 1264 3583 auctorum

142 3619 245 3669 prorsus
257 3606 354 3657 diverso
367 3609 454 3658 ordine
465 3608 592 3671 leguntur,
605 3609 675 3672 quod
685 3614 715 3656 ut
725 3622 779 3656 rem
789 3605 885 3655 nullius
896 3604 1020 3654 momenti
1031 3604 1126 3664 ubique
1142 3603 1264 3650 adnotare

124 3673 224 3724 omisi.
272 3676 311 3724 72.
329 3673 407 3737 Iuba,
425 3675 506 3726 omitt.
524 3676 575 3726 Ra.
618 3680 657 3726 76.
685 3671 923 3733 Timaeotlisterico‚
942 3672 972 3722 B.
1001 3670 1102 3720 Timaeo
1120 3709 1151 3717 ..
1168 3666 1265 3730 ararit

143 3741 224 3791 omitt
247 3742 299 3792 Ra
331 3741 440 3806 Timaeo,
463 3740 559 3806 Apione
578 3743 746 3806 qrammatieq
767 3741 850 3805 Heyn.
877 3741 954 3803 antiq.
976 3737 1100 3789 Aufsatae
1112 3743 1136 3794 2,
1150 3740 1190 3785 91.
1203 3733 1263 3783 coll.

143 3807 239 3858 Gbller.
252 3810 283 3859 de
295 3809 392 3871 origine
404 3817 429 3859 et
440 3810 492 3860 situ
504 3810 620 3874 Syrenas.
633 3826 657 3874 p.
671 3816 728 3861 202.
758 3812 796 3859 74.
802 3808 876 3873 feeit,
889 3809 942 3857 Td.
980 3810 1019 3856 75.
1031 3801 1192 3862 Archedemo,
1203 3801 1263 3851 BR·

142 3876 296 3937 Arelaaedo,
309 3892 332 3925 a
368 3879 406 3925 76.
425 3877 568 3938 Democrito,
586 3879 638 3927 Re.
680 3880 718 3927 77.
737 3876 836 3936 Neside,
852 3877 883 3925 R
921 3879 960 3925 76.
979 3871 1061 3922 Attalo
1073 3871 1169 3930 medaea,
1183 3869 1264 3919 omitt.

143 3944 195 3993 Ra.
232 3947 271 3995 79.
289 3942 400 4003 Zemnir,
421 3943 472 3993 Ra.
498 3945 560 4004 item,
579 3945 691 3994 BTVd.
731 3950 772 3993 60.
799 3941 986 4002 mirabilias‚B.
1031 3944 1071 3989 61.
1099 3937 1128 3988 de
1148 3937 1265 3988 terentiae.

143 4009 378 4069 coramaearv.
415 4015 455 4060 62.
474 4009 656 4060 Xenocrate..
670 4009 769 4074 Scepsio
781 4025 831 4059 om.
843 4010 873 4059 B.
910 4014 949 4058 66.
968 4006 1065 4058 Doride
1082 4005 1123 4069 qai
1138 4005 1198 4066 item,
1211 4004 1265 4056 Vd.

144 4077 327 4129 omiseras.
364 4082 404 4126 st.
422 4074 560 4128 Menandro
577 4079 618 4141 qai
633 4079 662 4128 de
678 4077 783 4138 tarentas,
800 4078 883 4126 Tvd.
897 4077 985 4126 Onritt.
998 4075 1050 4125 aa
1086 4079 1125 4124 85.
1136 4071 1267 4125 Heliodoro

145 4147 188 4207 qai
199 4141 412 4196 dedtleaiarsinm
423 4145 581 4195 anadernaab
592 4163 648 4207 scr,
660 4146 692 4194 R.
712 4141 842 4194 Heliodoro
856 4144 898 4206 qai
914 4141 943 4194 de
960 4142 1100 4193 Atheniense
1115 4139 1267 4193 caementatis

144 4228 201 4273 eoa,
217 4228 240 4265 a.
254 4211 342 4266 omitt.
355 4212 437 4263 TVd.
474 4218 513 4263 66.
531 4212 671 4266 Metrodoro
684 4210 792 4277 Scepsio,
804 4213 855 4263 Ra.
875 4212 962 4262 Omitt..
975 4211 1058 4262 TVd.
