2888 4794
592 303 781 349 assumo.
1170 304 1255 347 XXXI

130 464 198 523 illas
213 461 354 520 lectiones
369 479 422 536 per
437 459 467 517 V
483 465 513 516 et
527 459 561 516 M
572 468 687 517 notatas
699 459 839 529 hauserit,
851 459 887 515 de
898 476 958 532 qua
968 475 1000 514 re
1013 456 1173 515 certissime
1184 457 1256 515 mihi

130 578 176 633 est
190 587 366 649 pemuesum
380 587 448 628 eum
462 569 537 627 mori
551 567 662 631 saeculi
676 568 723 626 sui
736 576 896 643 parentem,
912 585 972 641 quo
986 567 1160 628 accuratiori
1173 567 1255 627 codi-

132 700 198 740 cum
217 681 403 743 indicaturus
432 678 530 738 minus
548 678 676 756 pretium
701 680 898 750 statuebatur,
912 678 1083 739 'dummodo
1110 679 1194 753 ipsae
1214 677 1256 736 le·

132 792 244 851 ctiones
258 790 471 866 proferrentur,
488 807 526 847 ex
539 788 668 864 quinque
684 786 744 846 suis
757 787 907 847 codicibus
921 805 1013 864 supra
1030 787 1185 847 nominatis
1205 759 1274 847 eas·

132 902 301 979 sumpsisse,
311 901 374 958 solo
382 897 568 957 Chiifletiano
579 905 711 973 excepto,
721 897 768 955 cui
775 905 808 955 ut
819 896 1072 975 praestantissimo
1079 895 1155 955 libro
1162 897 1257 973 potio·

131 1029 179 1070 res
192 1019 292 1086 partes
307 1016 392 1067 erant
405 1007 584 1067 tribuendae.
607 1004 694 1079 Quod
707 1024 779 1065 vero
793 1007 893 1083 paucis
909 1006 982 1066 locis
999 1006 1078 1082 ipsos
1092 1005 1160 1066 illos
1174 1006 1258 1083 quin·

133 1137 191 1194 que
212 1119 325 1178 codices
345 1117 518 1177 nominatim
536 1116 653 1189 attulit,
673 1115 801 1175 fortasse
820 1123 874 1175 aut
894 1123 1000 1175 nature
1013 1117 1113 1200 variae
1127 1117 1258 1176 lectionis

133 1218 230 1287 maius
244 1227 358 1302 aliquid
371 1244 463 1302 quam
476 1225 670 1302 simpliciores
682 1225 750 1285 illas
764 1226 855 1303 siglas
869 1226 1001 1302 flagitare
1015 1227 1185 1299 ridebatur,
1207 1234 1260 1287 eut

132 1337 288 1412 aliquoties
309 1343 389 1397 certe
407 1337 535 1395 indicare
557 1336 661 1408 voluit,
682 1337 733 1395 ubi
747 1337 869 1408 codices,
885 1337 992 1412 quibus
1013 1344 1128 1399 tanaim
1147 1338 1260 1410 debuit,

133 1454 291 1507 exstarent.
313 1447 361 1507 Ita
373 1445 566 1524 Dolecampic
580 1445 691 1506 laboris
704 1447 918 1539 taediosissimi,
933 1466 992 1523 quo
1007 1455 1052 1507 tot
1064 1447 1158 1506 millia
1178 1446 1260 1507 vari·

133 1576 220 1640 arum
233 1557 393 1620 lectionum
407 1577 424 1617 e
439 1576 495 1617 sex
509 1558 572 1617 suis
587 1557 735 1617 codicibus
745 1559 905 1635 excerpsit,
921 1558 1033 1634 gratiae
1054 1577 1141 1632 quam
1163 1558 1260 1617 maxi·

135 1687 200 1728 mae
221 1677 291 1729 sunt
309 1669 462 1728 habendae
468 1685 477 1738 3
498 1674 529 1726 et
547 1668 573 1727 si
590 1668 651 1727 illis
669 1688 729 1751 non
748 1688 784 1727 ea
805 1687 873 1728 cum
896 1687 968 1727 crue
986 1669 1031 1727 uti
1051 1668 1176 1741 sciebat,
1202 1687 1262 1744 que
1340 1670 1342 1674 ’

41 1783 48 1795 “
135 1781 240 1858 dignae
254 1779 384 1850 fuerunt,
400 1760 586 1838 tribuendum
602 1779 714 1854 aliquid
728 1788 773 1838 est
792 1788 844 1841 aut
865 1779 1014 1838 communi
1035 1778 1186 1837 hominum
1203 1778 1261 1836 im-

136 1890 297 1961 becillitati,
319 1907 379 1963 qua
396 1905 450 1944 nos
471 1906 573 1946 omnes
594 1888 775 1959 laboramus,
797 1862 850 1946 adt
869 1890 975 1948 nimiae
985 1889 1077 1948 alicui
1091 1888 1261 1959 modestiae,

137 2017 197 2075 qua
217 2000 306 2080 homo
325 1997 452 2073 optimus
470 2015 490 2055 a
507 1972 654 2073 scriptura
679 1998 803 2070 vulgata
828 1998 916 2056 toties
936 1997 1073 2056 recedere
1092 1998 1261 2070 verebatur,

137 2107 252 2185 quoties
265 2106 335 2165 illae
346 2106 484 2167 lectiones
498 2107 691 2184 imperabant.
713 2105 853 2166 Ceterum
866 2107 898 2167 in
909 2107 1034 2195 bistoria
1047 2125 1164 2182 quoque
1174 2107 1262 2184 plau·
1344 2088 1350 2098 ’

138 2227 236 2277 tarum
250 2215 391 2293 Lugduni
404 2235 482 2277 anno
498 2209 591 2277 1587.
608 2217 724 2277 duobus
737 2218 939 2278 voluminibus
951 2217 1043 2290 edita,
1063 2237 1139 2294 quae
1153 2237 1172 2278 e
1185 2237 1261 2279 non-

136 2327 226 2387 nullis
240 2327 345 2387 Ioanni
358 2325 510 2386 Molinaeo
524 2326 674 2399 tribuitur,
689 2347 727 2387 ex
740 2329 853 2401 iisdem,
868 2337 902 2388 ut
912 2328 1039 2401 videtur,
1047 2330 1194 2388 codicibus
1204 2328 1261 2387 ali-

137 2439 249 2513 quoties
273 2439 413 2499 lectiones
438 2438 555 2511 ettam,
581 2456 659 2513 quae
683 2439 721 2497 ad
746 2439 893 2516 margines
918 2440 1053 2499 editionis
1078 2439 1170 2499 Plinii
1200 2456 1260 2499 non

137 2549 289 2624 leguntur.
1228 2560 1234 2572 ’

180 2655 241 2729 Qui
254 2658 386 2734 proxime
400 2677 419 2715 a
432 2658 625 2735 Dalecampio
639 2659 677 2715 ad
690 2656 781 2717 Plinii
795 2660 957 2733 permultos
971 2661 1052 2718 locos
1067 2659 1263 2719 emendandos

139 2767 286 2827 codicibus
309 2765 444 2841 issusest
461 2767 601 2826 Claudias
627 2767 805 2839 Salmasius,
836 2766 951 2840 magnis
975 2767 1110 2825 laudibus
1135 2779 1261 2828 exornat

106 2864 117 2932 ⁸.
142 2878 318 2948 lbaaacara,
334 2895 423 2950 quem
438 2874 570 2932 omnium
584 2874 798 2934 vetustisimum
811 2869 862 2955 (de
877 2874 945 2952 hyle
960 2894 990 2952 p.
1007 2871 1079 2936 168.
1099 2894 1127 2935 a.
1138 2875 1179 2936 ·0.
1194 2877 1262 2936 coll.

66 2964 76 2978 “
139 2985 270 3044 exercitt.
290 3003 320 3059 p.
343 2979 395 3043 81.
417 3003 445 3041 a.
465 2981 502 3042 B.
523 2978 576 3044 86.
594 3005 623 3044 a.
637 2984 673 3044 B.
689 2986 757 3045 edit.
779 2987 933 3048 Ultraiect.
950 2981 1058 3063 1689.)
1074 2988 1262 3063 omniumque

139 3093 283 3168 optimum
300 3101 386 3152 vocat
406 3085 458 3174 (de
479 3094 547 3174 hyle
565 3115 595 3173 p.
617 3091 717 3155 73..b.
732 3095 767 3156 Ο.
782 3096 849 3156 coll.
864 3096 996 3156 exercitt.
1011 3117 1042 3175 p.
1058 3093 1130 3158 583.
1147 3118 1173 3158 a.
1191 3093 1259 3180 Ga).

138 3203 252 3262 Habuit
264 3203 368 3279 Regios
383 3220 502 3281 quoque
517 3207 629 3265 codices
645 3200 758 3286 (exerc.
773 3225 804 3283 p.
820 3201 870 3264 19.
886 3225 914 3264 a.
931 3200 998 3287 G.)‚
1020 3227 1146 3284 quorum
1166 3211 1261 3271 uomi-

139 3313 229 3373 natim
248 3316 369 3395 alteram
389 3315 476 3375 effert
495 3307 606 3396 (exerc.
626 3335 656 3393 p.
677 3312 794 3398 mna·
811 3314 845 3374 0.
862 3311 935 3376 583.
949 3335 977 3375 a.
995 3315 1045 3390 G,
1061 3319 1129 3397 hyle
1142 3341 1172 3397 p.
1188 3300 1261 3381 2'33.

139 3423 168 3482 b.
183 3417 247 3503 Β.).
274 3424 450 3484 Treslibros
465 3427 567 3483 laudat
585 3444 681 3484 exerc.
701 3443 730 3500 p.
752 3421 804 3484 39.
824 3445 851 3483 e.
873 3424 920 3497 0.,
940 3427 1047 3486 librum
1067 3429 1105 3486 R.
1122 3422 1163 3487 Bt
1180 3428 1212 3507 (i.
1234 3450 1260 3489 e.

65 3569 71 3578 .
139 3532 239 3607 regiae
252 3531 459 3610 bibliothecae)
474 3553 504 3611 p.
519 3530 592 3594 451.
608 3553 635 3592 a.
651 3535 699 3606 F.,
719 3546 851 3611 eaaerpta
865 3537 958 3595 Plinii
972 3541 1161 3599 vetustissima
1183 3536 1218 3618 (i.
1235 3559 1260 3598 e.

139 3639 472 3723 Pseudo-Appuleium,
492 3646 528 3702 de
548 3664 607 3720 quo
629 3641 717 3720 inira)
739 3665 769 3721 p.
793 3640 865 3705 568.
887 3646 953 3705 Hos
968 3665 1071 3706 omnes
1081 3648 1157 3707 inter
1170 3649 1261 3707 libros

140 3755 311 3831 saepissime
329 3742 527 3831 Ripaltiaaam
545 3755 662 3814 disertis
682 3756 781 3814 serbis
801 3755 902 3827 affert,
922 3774 981 3831 quo
1002 3765 1101 3815 tamen
1126 3757 1163 3824 de
1184 3758 1262 3818 libro

139 3865 274 3922 iudicans
296 3883 403 3940 parum
429 3866 485 3923 sibi
506 3872 629 3924 constat.
656 3864 776 3923 Etenim
801 3884 869 3924 cum
894 3867 1026 3925 exercitt.
1048 3886 1078 3941 p.
1100 3861 1151 3926 81.
1176 3886 1204 3927 a.
1223 3867 1260 3929 B.

44 4004 48 4011 ·
140 3991 208 4030 eum
223 3971 348 4039 celebret
361 3983 394 4032 ut
408 3974 552 4051 optimum
566 3982 595 4032 et
608 3975 855 4049 antiquissimum,
869 3994 900 4050 p.
916 3971 988 4033 610.
1003 3976 1033 4035 b.
1047 3975 1083 4034 F.
1098 3995 1158 4036 uon
1168 3981 1262 4040 multo

140 4082 293 4142 meliorem
307 4056 391 4139 editis
405 4090 435 4140 et
448 4100 478 4157 p.
495 4076 566 4140 705.
582 4082 611 4141 b.
626 4081 661 4140 B.
677 4090 710 4142 ut
724 4082 854 4141 bonitate
869 4085 911 4142 sic
930 4092 960 4143 et
978 4094 1122 4148 vetustate
1142 4090 1261 4153 inferio·
1336 4144 1339 4150 .

141 4213 204 4253 rem
225 4193 304 4255 dicit.
333 4190 469 4269 Denique
488 4185 622 4252 Palatini
640 4191 791 4252 cuiusdam
810 4194 915 4255 codicis
936 4198 1112 4261 mentionem
1130 4200 1200 4261 lecit
1213 4196 1260 4282 (v.
