2888 4794
197 280 258 345 142
543 297 747 345 narsaeus
770 295 965 345 mesonma

194 447 314 516 homini
335 448 461 514 inscitia
483 461 532 515 est
553 446 667 515 fatenti
688 449 859 536 praecipue
882 449 1094 517 iumentorum
1114 452 1315 535 quorundam

193 552 228 616 in
249 551 351 617 oculis
372 552 499 617 morbos
520 575 594 617 cum
614 552 691 617 luna
703 552 882 617 increscere
897 575 934 617 ac
948 552 1058 618 minui.
1089 552 1315 619 Patrocinatur

194 654 327 718 vastitas
357 653 454 732 caeli,
483 654 628 719 inmensa
650 653 789 719 discreta
811 654 979 720 altitudine
1001 654 1035 718 in
1057 655 1121 721 duo
1143 665 1240 740 atque
1262 679 1313 721 se-

193 756 363 842 ptuaginta
389 754 491 843 signa.
524 754 599 820 Hae
627 766 702 821 sunt
727 777 835 821 rerum
860 766 917 820 aut
942 756 1150 821 animantium
1177 757 1313 844 effigies,

193 857 329 942 inques
351 857 515 944 digessere
537 857 661 923 caelum
682 856 787 944 periti.
824 856 864 921 In
890 856 940 921 his
964 857 1098 941 quidem
1126 857 1212 925 milla
1239 883 1313 925 sex-

187 970 302 1066 pentas
317 959 511 1025 adnotavere
526 959 636 1026 stellas
650 958 787 1047 insignis
802 957 923 1023 scilieet
934 959 1052 1024 effectu
1063 958 1186 1038 visuve‚
1203 983 1313 1025 exem-

191 1059 238 1146 pli
258 1060 364 1147 gratia
384 1060 418 1123 in
440 1060 543 1124 cauda
565 1061 648 1125 tauri
678 1070 803 1147 septem
824 1082 905 1144 quas
927 1061 1129 1147 appellavere
1150 1061 1312 1150 vergilias,

192 1161 225 1225 in
247 1161 352 1226 fronte
373 1162 513 1240 suculas,
535 1162 652 1228 booten
674 1163 729 1247 qui
752 1161 897 1246 sequitur
918 1162 1160 1248 septentriones.

234 1261 347 1326 XLII.
381 1263 433 1328 42.
455 1262 560 1328 Extra
573 1263 632 1328 has
647 1285 760 1329 causas
781 1286 845 1328 non
866 1262 1051 1349 negaverim
1074 1262 1229 1330 exsistere
1251 1265 1313 1332 im-
1328 1285 1374 1330 ιιι

191 1365 265 1430 bros
280 1366 465 1449 ventosque,
488 1365 638 1449 quoniam
659 1364 802 1429 umidam
823 1388 843 1429 a
865 1376 960 1443 terra,
984 1364 1063 1430 alias
1084 1388 1161 1431 varo
1181 1378 1314 1454 propter

192 1488 344 1552 vaporem
371 1465 528 1530 fumidum
554 1465 696 1531 exhalari
726 1465 896 1554 caliginem
925 1477 1049 1532 certum
1077 1478 1127 1533 est
1155 1469 1313 1555 nubisque

190 1569 312 1654 liquore
340 1590 470 1657 egresso
497 1569 531 1634 in
558 1568 695 1634 sublime
722 1578 779 1632 aut
804 1591 845 1633 ex
874 1586 948 1634 aere
970 1579 1081 1636 coacto
1101 1568 1135 1633 in
1155 1569 1313 1654 liquorem

189 1671 291 1760 gigni
313 1670 468 1738 Densitas
491 1695 602 1738 earum
623 1693 801 1758 corpusque
823 1671 902 1736 haut
923 1671 1021 1737 dubio
1043 1672 1238 1737 coniectatur
1259 1696 1312 1737 ar·

189 1770 352 1860 gamonio,
376 1797 451 1840 cum
464 1775 562 1840 solem
584 1773 777 1839 obumbrent
797 1771 1004 1858 perspicuum
1024 1772 1105 1857 alias
1128 1772 1223 1837 etiam
1243 1773 1311 1838 uri-

188 1875 339 1942 nantibus
360 1876 394 1941 in
415 1875 591 1961 quamlibet
610 1875 803 1962 profundam
824 1896 979 1958 aquarum
1000 1873 1211 1939 altitudinem.

230 1974 360 2043 XLIII.
396 1979 448 2042 43.
471 1977 577 2064 Igitur
596 1999 659 2042 non
682 1999 754 2041 cam
774 1974 896 2040 inficias
917 1997 1012 2061 posse
1034 1975 1068 2039 in
1091 1975 1150 2040 has
1174 1987 1206 2042 et
1225 1977 1373 2063 ignisne

188 2102 327 2165 superne
355 2080 518 2145 stellarum
540 2079 707 2157 decidere,
737 2076 843 2160 qualis
872 2099 985 2143 sereno
1012 2098 1108 2163 saepe
1138 2078 1310 2158 cernimus,

187 2202 323 2263 quorum
344 2181 411 2246 ictu
433 2179 559 2246 concuti
580 2203 656 2244 aera
678 2201 790 2245 verum
813 2189 872 2257 est,
894 2179 1022 2262 quando
1045 2190 1078 2244 et
1100 2181 1163 2246 tela
1185 2180 1311 2247 vibrata

223 2387 308 2449 §llo
318 2386 428 2451 fallenti,
440 2390 466 2440 R
475 2390 537 2439 ¹Pa.
557 2428 588 2437 ..
606 2386 675 2449 caeli,
688 2404 711 2438 a.
737 2386 805 2448 sarci,
818 2388 849 2436 R.
876 2402 902 2435 se
912 2385 956 2448 rei,
968 2387 998 2439 Ρ.
1026 2387 1069 2449 rei,
1082 2389 1116 2438 dr
1127 2384 1257 2452 (Robert.)
1277 2431 1309 2441 ..

189 2455 303 2506 intumas
318 2454 455 2518 altitudine,
471 2456 585 2517 diaeta,
601 2456 734 2506 Pintianus
750 2462 775 2504 et
787 2454 901 2518 Scaliger
916 2457 949 2504 ad
960 2455 1049 2505 Mauil.
1067 2471 1092 2521 p.
1103 2460 1150 2517 tl.
1167 2458 1243 2520 Vere,
1260 2460 1309 2509 nisi

188 2525 300 2574 Plinium
312 2524 449 2588 synchysin
461 2527 588 2588 quandam
600 2525 734 2573 verborum
745 2524 822 2573 stiam
837 2523 925 2572 multis
937 2523 993 2572 aliis
1005 2523 1032 2572 in
1043 2524 1105 2574 locis
1117 2525 1248 2575 admisisse
1260 2527 1307 2576 sci·
1396 2518 1400 2527 ’

188 2609 284 2655 romus3
297 2593 334 2643 ita
345 2593 380 2642 ait
393 2599 416 2654 6,
431 2595 470 2643 76.
489 2607 563 2642 marn
575 2589 680 2641 Herculi
689 2607 761 2640 serus
773 2590 824 2640 eius
839 2589 943 2654 amiam
955 2606 1001 2654 pro
1018 2607 1092 2641 unam
1108 2607 1181 2643 scam
1197 2593 1249 2643 uus
1266 2610 1308 2657 ye-

188 2663 263 2713 nitam
280 2661 314 2712 H.
329 2666 367 2722 11,
381 2668 421 2711 80.
439 2660 543 2710 maiorer
552 2656 619 2725 (lupi
630 2657 727 2721 manci)
744 2658 841 2708 icterus
852 2667 873 2707 et
885 2657 995 2709 cauernis
1007 2658 1098 2723 euipua
1109 2658 1224 2709 cesama
1232 2678 1308 2725 praa

184 2728 298 2796 pendunt
314 2745 360 2794 pro
378 2728 435 2778 mai.
452 2727 492 2778 int
512 2738 534 2779 et
550 2729 611 2793 carp.
625 2738 682 2778 vest.
695 2743 747 2777 cau.
761 2743 801 2790 pr.
822 2732 862 2787 14,
877 2733 901 2776 4.
919 2725 944 2775 in
960 2725 1112 2775 aununtiate
1123 2729 1169 2777 bas
1182 2728 1307 2792 praefere-

187 2798 245 2848 bant
256 2817 324 2863 opum
336 2814 382 2862 pro
394 2796 418 2845 in
430 2805 475 2846 ost.
489 2815 526 2861 op.
542 2794 588 2845 bas
598 2814 637 2861 pr.
652 2801 691 2856 15,
705 2801 744 2844 58.
759 2793 837 2859 pomis
851 2792 989 2859 proprietas
1002 2793 1112 2858 pirisque
1124 2794 1173 2844 viui
1183 2810 1229 2858 pro
1243 2813 1307 2861 pom.

184 2864 297 2931 pirisque
305 2881 389 2931 propr.
403 2864 460 2914 uini.
475 2869 514 2925 17,
529 2870 584 2914 140.
612 2861 645 2911 Ει
657 2861 686 2910 de
698 2861 824 2911 arboribus
836 2859 896 2910 laec
912 2859 1008 2925 quidem
1012 2862 1115 2926 fructus
1129 2862 1213 2927 qratia
1229 2880 1306 2912 seren-

188 2930 227 2981 dis
239 2933 416 2996 iuerendisque
432 2932 457 2981 in
469 2931 603 2981 universum
613 2930 662 2980 sint
672 2928 748 2991 duta,
758 2930 802 2978 ubi
813 2930 890 2978 verba
902 2927 962 2978 laec
973 2928 1069 2992 quidem
1081 2945 1149 2994 pone
1161 2929 1306 2980 usuardu-

188 3016 234 3064 que
245 3001 415 3051 collocaveris.
430 3007 469 3062 18,
484 3005 540 3050 150.
563 3013 616 3047 sum
628 2994 784 3062 amplitudine
795 2994 907 3045 ueduata
922 3013 1024 3061 manum
1040 2996 1085 3045 sed
1095 2997 1197 3048 nondum
1208 3007 1307 3050 maim

188 3065 357 3125 -..afflatu
368 3067 438 3117 noxio
449 3082 545 3118 cusum
555 3107 586 3114 -
597 3064 717 3125 annaei,
727 3064 771 3114 ubi
781 3080 884 3128 prauum
896 3079 964 3128 pone
975 3072 1073 3114 matura
1082 3067 1173 3116 melius
1185 3067 1307 3117 collocari

186 3142 268 3200 putes.
286 3140 327 3194 20,
341 3140 380 3184 58.
399 3151 450 3198 qua
458 3134 537 3200 pisces
553 3133 579 3182 in
595 3132 660 3182 utari
671 3131 762 3181 dacae
769 3131 878 3196 protinus
889 3141 1010 3182 mwmur.
1034 3139 1074 3193 21,
1089 3139 1128 3183 52.
1146 3131 1221 3182 Folia
1232 3130 1257 3183 in
1268 3151 1306 3184 co·

187 3200 329 3250 recrementis
342 3201 449 3251 zmilacis
465 3213 488 3252 et
503 3199 615 3262 hederae,
637 3199 785 3264 corymbique
802 3215 886 3248 earum
897 3199 1000 3249 ottineu
1014 3199 1183 3266 principatum,
1203 3202 1248 3254 nbi
1265 3218 1305 3251 vv.

185 3268 212 3317 iu
225 3268 395 3326 coronamentis
406 3270 470 3319 inter
482 3287 565 3320 earum
576 3277 602 3320 et
617 3268 717 3318 uiuat
727 3268 866 3332 simplicius
878 3268 1070 3318 oosscmrentnr.
1087 3270 1136 3319 His
1147 3269 1212 3320 locis
1227 3270 1305 3320 colla·

186 3337 219 3386 tis
229 3345 336 3401 apparet
347 3337 506 3401 participium
519 3336 631 3399 albareto,
644 3351 799 3401 quamquam
810 3336 876 3386 inter
887 3336 991 3385 inmersa
1003 3343 1028 3385 st
1044 3334 1170 3386 altitudine
1186 3337 1304 3401 positum,

185 3412 253 3454 recte
265 3408 297 3454 ad
309 3403 412 3454 vastitas
423 3405 509 3455 referri
520 3420 601 3470 posse,
618 3407 655 3456 ita
666 3412 695 3455 ut
712 3403 818 3454 inmensa
830 3400 957 3453 altitudine
972 3411 1098 3453 structura
1114 3405 1217 3454 ablativi
1229 3405 1304 3454 abso·

184 3473 232 3535 lati
244 3474 361 3523 dicantur
371 3488 417 3536 pro
429 3490 482 3523 curu
493 3473 525 3522 sit
535 3472 637 3523 claudo
648 3473 763 3534 inmersa,
776 3472 858 3535 qualis
869 3477 995 3521 structura
1006 3486 1039 3520 ex
1051 3473 1209 3521 substantivo
1221 3479 1247 3520 et
1260 3473 1304 3521 ad·

185 3541 276 3590 iactivo
294 3547 413 3591 constans
429 3542 555 3590 invenitur
566 3542 642 3590 etiam
660 3547 684 3602 6,
702 3544 742 3592 72.
761 3547 784 3600 8,
803 3545 860 3589 152.
885 3544 924 3600 12,
943 3545 998 3589 122.
1017 3542 1058 3601 at,
1076 3544 1116 3590 70.
1134 3539 1175 3589 Ita
1190 3541 1266 3589 verba
1282 3540 1304 3589 si

185 3609 370 3672 intelliguntur,
381 3609 506 3660 Hardnini
518 3622 620 3671 quoque
632 3609 802 3658 coniecturam
811 3605 940 3656 butadiue
950 3622 1003 3656 non
1014 3607 1181 3657 necessariam
1192 3621 1248 3657 esse
1259 3621 1303 3669 pap

182 3684 228 3727 tet.
248 3675 353 3726 ducreta
374 3683 397 3724 et
412 3674 548 3736 altitudine,
560 3690 584 3724 σ.
604 3715 635 3723 -
654 3673 702 3724 duo
718 3685 740 3725 et
755 3673 929 3741 quadrupes,
945 3675 1013 3725 Pint.
1035 3690 1068 3724 cx
1084 3675 1179 3738 Hygia
1196 3675 1302 3724 Astron.

184 3760 209 3808 p.
225 3751 284 3795 844.
301 3747 339 3794 ed.
357 3743 463 3794 Munck.
482 3741 531 3792 duo
542 3741 573 3790 de
583 3741 615 3803 L,
633 3742 752 3807 Scaliger.
776 3785 808 3792 ..
831 3740 899 3803 Hoc,
918 3741 1017 3792 R²a²d.
1039 3740 1118 3804 Haec,
1133 3743 1155 3793 P
1170 3737 1303 3804 (Robert.)

184 3811 273 3863 Omitt.
285 3810 368 3863 ΒΨ,
388 3852 419 3863 ..
438 3819 470 3872 ut,
482 3809 531 3860 R1.
550 3819 629 3874 atque,
637 3812 667 3860 P.
681 3852 712 3861 ..
731 3810 832 3876 quidem,
845 3811 903 3860 BP.
922 3808 1031 3874 quidam,
1043 3811 1110 3860 Tad
1120 3805 1251 3872 (Robert.)
1271 3850 1303 3858 ..

104 3936 106 3942 ¹
183 3878 309 3941 adnotare,
326 3883 350 3930 d.
374 3920 406 3929 -
435 3876 540 3943 insignis,
557 3879 589 3927 R.
614 3919 645 3927 ..
667 3878 761 3939 aalma,
778 3880 852 3929 Rad.
878 3875 994 3938 uidelicet,
1009 3878 1032 3928 P
1048 3874 1179 3941 (Robert.)
1196 3873 1246 3941 βγ.
1271 3917 1302 3925 ..

183 3946 302 4011 virgilias,
314 3948 373 4000 BP.
393 3989 424 3997 ..
443 3948 527 4007 boetcu
540 3947 563 3995 T
580 3942 710 4008 (Robcrt)
729 3987 761 3995 ..
779 3945 828 4010 qui,
840 3945 935 3997 Sabell
946 3945 976 3995 P.
1000 3962 1031 4008 q,·
1046 3941 1076 4007 (i.
1089 3959 1110 3994 c.
1123 3944 1185 4008 que)
1197 3946 1229 3995 R.
1249 3961 1303 4008 que,

182 4015 216 4063 T.
234 4031 304 4078 quae,
316 4018 361 4065 ad.
381 4031 456 4079 quern
469 4015 572 4065 Robcrt.
595 4015 628 4065 In
639 4013 758 4063 hocloco
769 4015 843 4077 plura
853 4015 931 4063 verba
942 4012 1067 4063 excidisse
1077 4013 1202 4074 videntur,
1215 4027 1265 4077 quc
1277 4019 1304 4061 et

182 4083 264 4131 oratio
279 4098 402 4146 perquam
421 4083 528 4132 clumbis
545 4089 570 4132 et
586 4082 744 4141 inconcinna,
762 4089 788 4130 et
802 4096 884 4130 rernm
900 4081 1037 4144 descriptio
1053 4081 1128 4131 valde
1144 4081 1259 4140 absume,
1277 4086 1303 4128 et

181 4149 238 4228 ipsa
250 4149 325 4199 huius
337 4151 388 4200 loci
399 4152 506 4200 variatas
518 4151 635 4200 lectionis
647 4150 723 4200 ducit.
743 4189 774 4197 -
791 4157 907 4209 secuntur,
920 4149 1024 4200 Robert.
1225 4205 1227 4208 ⁴

216 4218 231 4290 β
246 4222 301 4268 111.
320 4216 431 4283 quoniam
454 4217 532 4277 alias,
548 4218 581 4270 K.
606 4258 636 4266 -
661 4213 762 4265 barrida
777 4225 853 4276 terra,
869 4217 901 4266 R.
926 4256 956 4266 -
983 4232 1108 4280 uaporem,
1125 4214 1178 4266 BT
1188 4206 1301 4264 OPacr.
