2888 4794
188 288 290 331 nxvnr
331 268 337 281 '
655 285 844 327 messario.

188 442 335 519 prioribus
360 439 546 518 potissimum
571 440 692 517 triginta
717 459 784 499 cum
809 440 902 518 primo
924 438 1008 499 libris
1028 456 1117 514 saepe
1137 440 1210 498 nihil
1230 440 1314 501 aliud

188 552 258 611 mihi
277 551 442 611 faciendum
460 551 572 626 putavi,
591 551 648 609 nisi
666 559 701 609 ut
720 551 939 609 difficultatibus
958 549 1015 608 loci
1036 549 1162 626 pessime
1183 553 1315 629 corrupti

188 662 323 722 indicatis
337 662 447 721 vulnus
463 661 638 737 detegerem,
653 662 690 719 de
704 679 739 719 eo
754 678 808 736 per
822 678 871 718 me
885 661 1016 718 sanando
1030 660 1201 735 desperans.
1227 660 1315 722 Hanc

188 773 226 833 ad
245 773 418 831 modestiam
435 772 467 829 in
486 770 586 830 Plinio
615 788 732 846 quoqne
750 770 850 846 magni
868 769 986 829 Ioannis
1007 770 1150 829 Friderici
1170 768 1316 833 Gronovii

187 882 323 960 exemplo
337 880 570 941 commendatam
591 880 667 940 tales
687 878 814 952 codices,
829 880 932 954 quales
947 886 1018 939 sunt
1034 878 1265 956 Bambergensis
1284 883 1316 941 in

187 992 278 1051 Plinii
292 992 376 1050 libris
390 991 529 1050 extremis
546 998 577 1048 et
588 988 816 1064 Bembergensis
831 991 862 1048 in
874 989 952 1049 Livii
968 991 1042 1048 libro
1057 990 1207 1066 trigesimo
1219 991 1315 1063 tertio,

188 1102 237 1161 vel
247 1100 458 1160 audacissimos
470 1099 584 1158 criticos
600 1100 723 1158 invitent
740 1116 858 1158 neeesse
873 1107 927 1170 est,
941 1117 1030 1173 quam
1046 1117 1102 1174 ego
1114 1100 1146 1159 in
1161 1100 1317 1177 permultis

187 1211 401 1272 looismaxime
412 1210 533 1286 triginta
542 1210 676 1285 priorum
690 1210 831 1268 hbnorum
842 1217 964 1268 eatenus
975 1227 1042 1267 sum
1054 1216 1183 1283 secutus,
1194 1217 1229 1270 ut
1238 1229 1317 1271 nunc

189 1339 283 1399 paene
303 1319 464 1397 poeniteat,
492 1337 560 1377 cum
578 1319 640 1378 sine
660 1318 749 1377 dubio
769 1319 857 1378 etiam
876 1319 913 1378 de
932 1319 1032 1379 multis
1053 1321 1160 1379 horum
1174 1320 1317 1380 librorum

189 1431 262 1509 locis
277 1431 461 1490 coniecturae
478 1429 538 1488 sint
558 1430 702 1507 prolatae,
722 1447 797 1503 quas
812 1431 899 1488 modo
913 1448 949 1488 ea
962 1431 999 1488 dc
1013 1448 1102 1488 eausa
1115 1426 1245 1506 recipere
1259 1431 1317 1490 du·

189 1542 294 1614 bitavi,
313 1542 383 1617 qnia
394 1540 490 1600 codex
505 1540 600 1615 qualis
618 1547 664 1598 est
673 1538 901 1614 Bambergensis
916 1558 975 1599 non
989 1541 1101 1612 aderat,
1121 1540 1173 1616 qui
1185 1540 1220 1601 iis
1234 1549 1318 1618 post·

190 1651 293 1711 liminii
305 1652 368 1709 iure
383 1650 658 1722 succenturiaretur,
670 1650 760 1724 quod,
772 1658 806 1708 ut
815 1668 908 1709 unum
919 1658 996 1708 certe
1007 1650 1176 1726 exemplum
1186 1650 1318 1723 afferam,

190 1762 221 1821 in
242 1761 341 1822 verbis
360 1762 462 1838 thynni
479 1762 558 1820 iecur
576 1755 629 1831 32,
650 1754 701 1818 76.
725 1758 851 1818 Reinesii
865 1761 1049 1819 coniecturae
1070 1760 1185 1823 accidit.
1207 1758 1317 1819 Paucis

190 1873 222 1931 in
235 1871 321 1943 locis,
336 1888 411 1947 quos
425 1889 526 1929 omnes
539 1870 571 1929 in
584 1870 678 1928 indice
693 1870 804 1941 critico,
819 1871 856 1928 de
867 1888 927 1945 quo
937 1869 1016 1928 infra
1026 1870 1131 1943 dicam,
1144 1863 1319 1946 significavi,

192 2001 260 2042 cum
273 1983 306 2040 in
319 1981 456 2040 omnibus
471 1980 619 2041 codicibus
630 1980 761 2058 corrupti
774 1986 889 2052 essent,
910 1981 1093 2040 coniecturas
1112 1980 1245 2039 virorum
1265 1981 1319 2039 do·

193 2101 308 2152 ctorum
317 2091 425 2167 recepi,
433 2110 492 2149 non
500 2091 578 2164 quod
589 2110 643 2166 per
656 2091 811 2149 easlocum
822 2099 960 2156 sanatum
974 2099 1120 2168 putarem,
1132 2091 1185 2150 sed
1195 2097 1230 2151 ut
1239 2096 1320 2150 certe

195 2201 276 2277 quod
289 2200 350 2274 legi
363 2206 465 2277 posset
478 2208 608 2258 exstaret
612 2217 623 2269 3
638 2200 705 2259 vide
719 2211 851 2276 sugentes
867 2197 918 2274 32,
935 2197 1008 2261 124.
1031 2201 1164 2260 Maxime
1178 2219 1266 2273 vero,
1288 2207 1322 2259 ut

194 2311 234 2369 ad
247 2328 311 2368 rem
324 2310 453 2380 redeam,
469 2309 624 2367 discrimen
637 2309 712 2368 illud
724 2310 801 2368 inter
819 2312 998 2371 necessarias
1012 2320 1041 2370 et
1060 2311 1231 2370 temerarias
1249 2329 1322 2369 con-
1350 2344 1352 2348 ν

196 2421 324 2479 iacturas
349 2427 412 2477 turn
437 2413 649 2477 advertendum
663 2427 736 2492 erat,
758 2420 810 2479 ubi
828 2439 888 2479 non
905 2422 942 2479 de
956 2439 1100 2495 sermone,
1117 2423 1168 2482 sed
1182 2423 1322 2481 derebus

184 2529 268 2611 ‘ipsis
281 2548 301 2587 a
313 2527 412 2586 Plinio
425 2529 552 2587 narratis
566 2528 672 2604 agitur.
694 2529 847 2588 Facillime
861 2531 909 2590 hic
922 2532 1054 2591 accidere
1068 2532 1164 2609 potnit
1177 2538 1324 2591 etrevera

197 2638 312 2710 accidit,
326 2645 361 2696 nt
379 2638 485 2713 aliquis
500 2656 615 2698 errores
633 2639 821 2699 librariorum
841 2642 1051 2700 emendaturus
1076 2643 1174 2718 ipsum
1192 2639 1324 2701 Plinium

198 2749 376 2809 emendaret.
404 2747 498 2808 Velut
517 2750 543 2808 si
562 2749 630 2824 quis
651 2768 752 2810 omnes
770 2768 910 2809 numeros
929 2751 1047 2828 exigere
1061 2752 1148 2825 velit,
1162 2751 1324 2828 ledleipse

198 2861 315 2920 Plinius
337 2861 364 2918 ei
378 2860 562 2939 adversetur,
577 2860 629 2936 qui
651 2855 680 2933 6,
697 2856 747 2919 62.
764 2856 815 2920 63.
830 2860 1031 2920 diversitatem
1047 2879 1237 2921 numerorum
1250 2878 1323 2936 geo-
1400 2881 1409 2891 “

198 2969 407 3046 graphicorum
420 2969 568 3042 agnoscit3
583 2985 687 3027 rursus
702 2970 753 3044 qui
767 2989 859 3029 unum
873 2970 1038 3031 alterumve
1050 2971 1082 3030 in
1095 2971 1261 3032 nominibus
1275 2989 1324 3029 er·

198 3098 299 3139 rorem
314 3077 441 3152 corriget
454 3095 513 3137 non
527 3076 691 3150 librarium,
706 3079 758 3137 sed
772 3077 902 3139 Plinium
922 3080 952 3138 in
974 3100 1075 3151 veram
1094 3082 1174 3141 viam
1192 3082 1325 3150 reducat,

200 3189 253 3262 qui
266 3186 491 3246 festinabundus
504 3185 677 3264 Dionysiam
692 3193 723 3244 et
735 3186 890 3248 Donusam
903 3190 1043 3262 insulam,
1056 3191 1127 3249 item
1141 3187 1280 3248 Cinaram
1297 3198 1327 3248 et

200 3294 342 3356 Pinaram
360 3297 532 3368 nominavit,
555 3315 623 3357 cum
643 3307 836 3375 utrorumque
854 3300 1004 3359 nominum
1024 3301 1150 3359 alterum
1167 3299 1266 3370 modo,
1281 3300 1328 3358 uti

201 3425 241 3466 ex
253 3405 335 3466 Mela
345 3406 464 3478 scimus,
480 3425 584 3467 verum
600 3408 648 3469 sit.
662 3407 752 3468 Hunc
765 3409 796 3468 in
806 3429 936 3469 errorem
946 3411 1039 3487 ipsius
1049 3409 1139 3469 Plinii
1152 3408 1328 3467 emendandi

202 3517 389 3595 potissimum
401 3514 558 3578 Pintianns
571 3519 602 3577 in
616 3518 697 3577 libris
711 3520 917 3597 geographicis
929 3521 1042 3592 incidit,
1060 3521 1115 3595 qui
1133 3519 1242 3594 ubique
1262 3516 1326 3576 Pli-

201 3628 284 3687 nium
313 3626 451 3688 Straboni
476 3629 684 3702 conciliaturus
710 3628 812 3687 multis
832 3629 862 3689 in
886 3631 959 3689 locis
972 3628 1107 3689 Plinium
1126 3629 1209 3688 utin
1228 3625 1327 3687 Plinio

202 3757 412 3815 quaereremus
426 3739 583 3798 effecturus
596 3745 669 3809 erat,
677 3737 841 3797 inciderunt
851 3737 1025 3815 Salmasius,
1035 3737 1258 3812 Bodaeus,alii,·
1265 3737 1328 3813 qui,

202 3857 238 3908 ut
250 3850 380 3910 Plinium
395 3867 461 3908 cum
475 3848 646 3919 Aristotele,
661 3846 1067 3924 Theophrasto,.Dioscoride
1081 3867 1244 3926 congruum
1256 3848 1327 3907 red·

203 3958 314 4034 derent,
330 3978 399 4020 vere
412 3964 597 4037 portentosas
611 3956 793 4017 coniecturas
807 3959 838 4016 in
851 3959 981 4018 medium
994 3958 1127 4036 prolerre
1139 3977 1200 4019 non
1213 3957 1328 4017 dubita-

203 4076 289 4138 runt,
318 4087 377 4128 non
398 4070 562 4146 cogitantes
581 4069 710 4145 primum
727 4067 771 4128 illi
793 4066 924 4128 Plinium
948 4076 1064 4146 praeter
1082 4069 1151 4128 illos
1170 4069 1328 4147 scriptores
