2888 4794
201 279 261 347 118
549 292 754 340 unruannrs
776 291 971 338 mesonma

242 445 324 512 ΧΠ.
362 448 390 510 9.
420 445 466 509 Et
494 445 650 511 rationem
675 444 806 530 quidem
833 444 982 512 defectus
1008 442 1176 527 utriusque
1197 444 1321 531 primus
1336 465 1368 511 aa

200 547 337 614 Romani
358 547 487 635 generis
508 546 542 611 in
562 547 693 633 volgum
715 545 831 614 extulit
845 542 1008 633 Sulpicius
1023 541 1149 623 Gallus,
1172 544 1228 629 qui
1243 567 1321 612 con-

202 650 341 718 sulcum
353 647 468 715 Marco
482 647 636 714 Marcello
659 647 722 712 fuit
743 648 801 713 sed
821 659 891 712 tum
912 647 1060 713 tribunus
1081 645 1234 725 militum,
1256 649 1320 714 sol·

198 750 365 817 licitudine
388 749 533 816 exercitu
553 749 698 828 liberato,
721 749 826 836 pridie
849 770 945 834 quam
966 748 1084 814 Perses
1105 770 1164 815 rex
1185 770 1320 836 supera·

200 862 252 916 tus
273 874 293 915 a
313 851 416 917 Paulo
445 861 495 917 est
523 851 558 914 in
587 849 773 916 concionem
798 850 839 915 ab
865 850 1047 936 inperatore
1074 848 1321 935 productased

198 951 446 1039 praedicendam
468 950 624 1037 eclipsim,
662 973 739 1015 mox
765 961 799 1017 et
825 950 990 1036 conposito
1011 951 1181 1018 volumine.
1219 951 1322 1039 Apud

199 1049 342 1118 Graecos
364 1064 472 1117 autem
492 1052 699 1140 investigavit
720 1051 843 1138 primus
868 1052 1011 1119 omnium
1031 1052 1150 1119 Thales
1170 1051 1321 1122 Milesius

198 1153 391 1240 olympiadis
412 1176 526 1219 xavm.
549 1176 633 1219 anno
655 1164 789 1238 quarto,
818 1153 985 1240 praedicto
1006 1153 1082 1219 solis
1107 1154 1239 1221 defectu
1264 1155 1321 1240 qui

198 1256 333 1340 Alyatte
353 1278 432 1344 rege
455 1256 563 1321 factus
585 1266 635 1322 est
654 1256 744 1322 urbis
767 1256 915 1323 conditae
936 1278 1020 1322 anno
1042 1272 1150 1321 ccxx.
1171 1254 1252 1321 Post
1266 1278 1321 1322 eos
1335 1277 1365 1322 54

197 1356 367 1442 utriusque
389 1358 504 1423 sideris
526 1380 655 1424 cursum
676 1358 711 1421 in
733 1368 902 1424 sexcentos
920 1379 1020 1423 annos
1035 1357 1215 1444 praecinuit
1232 1357 1320 1445 Hip-

198 1459 349 1546 parchus,
372 1482 499 1527 mcnses
520 1459 666 1548 gentium
688 1459 821 1545 diesque
844 1470 877 1525 ct
897 1459 993 1526 horas
1014 1482 1053 1525 ac
1074 1460 1156 1526 situs
1177 1460 1322 1526 locorum

200 1570 238 1626 et
254 1560 342 1625 visus
362 1562 553 1648 populorum
575 1561 771 1648 conplexus,
800 1584 880 1627 aevo
906 1571 1010 1641 teste,
1041 1561 1120 1626 haut
1140 1560 1204 1628 alio
1224 1561 1321 1628 modo

200 1683 299 1746 quam
320 1662 523 1730 consiliorum
543 1673 678 1729 naturae
699 1663 880 1749 particepsz
906 1663 968 1728 viri
988 1662 1136 1750 ingentes
1158 1682 1322 1747 supraque

198 1763 381 1830 mortalium
402 1776 571 1844 naturam,
601 1775 762 1832 tantorum
782 1765 950 1830 numinum
970 1765 1044 1852 lege
1066 1763 1268 1851 deprehensa
1288 1775 1322 1831 et

198 1865 317 1932 misera
336 1866 500 1932 hominum
524 1878 633 1932 mente
655 1869 819 1954 apsoluta,
846 1868 881 1932 in
907 1866 1090 1932 defectibus
1116 1866 1237 1933 scelera
1265 1875 1322 1932 aut

198 1978 334 2033 mortem
356 1967 496 2053 aliquam
512 1968 657 2035 siderum
677 1981 838 2057 pavente,
869 1991 933 2054 quo
954 1966 988 2033 in
1008 1978 1098 2035 metu
1119 1968 1221 2034 luisse
1242 1964 1320 2034 Ste-

201 2069 318 2134 sicho‘n'
348 2080 381 2135 et
405 2069 538 2135 Pindari
567 2082 678 2137 vatum
707 2070 855 2138 sublimia
882 2093 939 2137 ora
966 2069 1075 2156 palam
1103 2079 1154 2136 est
1179 2069 1321 2155 deliquio

202 2171 288 2249 solis,
311 2182 345 2235 at
365 2170 399 2235 in
419 2172 496 2236 luna
517 2172 674 2238 veneficia
691 2183 849 2261 arguente
863 2172 1056 2253 mortalitate
1077 2182 1110 2238 et
1130 2171 1172 2237 ob
1193 2171 1228 2236 id
1249 2193 1321 2238 cre·

198 2270 272 2358 pitu
294 2272 422 2338 dissono
444 2272 629 2339 auxiliante.
668 2271 743 2355 Quo
772 2295 890 2360 pavore
919 2275 1052 2364 ignarus
1074 2294 1190 2340 causae
1209 2271 1321 2340 Nicias
1335 2291 1367 2336 ss

199 2372 449 2438 Atheniensium
477 2373 639 2459 inperator
665 2375 786 2440 veritus
811 2376 946 2442 classem
966 2386 1062 2463 portu
1083 2375 1221 2440 educere
1242 2397 1321 2462 opes

199 2497 310 2541 eorum
331 2472 465 2540 adflixit.
496 2473 599 2541 Macti
619 2476 748 2565 ingenio
771 2489 856 2556 este,
880 2477 961 2544 caeli
981 2477 1174 2563 interpretes
1195 2499 1321 2543 rerum-

200 2599 264 2663 que
285 2586 419 2641 naturae
441 2598 575 2663 capaces
598 2578 779 2667 argumenti
800 2590 1001 2664 repertores,
1029 2600 1094 2664 quo
1115 2578 1194 2644 deos
1214 2578 1320 2645 horni-

196 2700 319 2764 nesque
349 2677 488 2745 vicistis!
528 2677 612 2761 Quis
635 2680 720 2747 enim
741 2680 822 2747 haec
844 2703 977 2747 cernens
1000 2690 1033 2745 et
1055 2690 1155 2746 statos
1177 2679 1321 2746 siderum

230 2855 245 2918 §
259 2859 299 2904 5³.
318 2854 424 2921 enham,
436 2855 502 2905 Rad
513 2850 642 2916 (Oudend.
655 2858 688 2906 ad
699 2857 796 2920 Appul.
808 2857 912 2906 Metam.
930 2870 954 2919 p.
974 2861 1030 2906 118.
1048 2871 1063 2904 e
1079 2852 1166 2917 codd.)
1186 2851 1283 2914 valcas,
1296 2853 1320 2902 P

196 2917 381 2984 (Robert.)ssr.
391 2962 423 2970 -
436 2918 612 2984 Marcoman
624 2920 672 2983 M,
680 2925 711 2974 P.
725 2924 813 2975 Omitt.
822 2919 912 2988 βγ.-
923 2924 1025 2984 et,P...
1037 2923 1160 2982 oan‚BP.
1174 2960 1205 2971 ..
1217 2919 1319 2979 Peraea,

195 2991 274 3040 RPd.
291 2989 408 3050 Perseus,
420 2983 490 3051 asty.
513 3031 544 3038 -
563 2998 608 3051 est,
621 3006 671 3040 om.
683 2993 713 3041 P.
732 3032 763 3039 -
781 2992 917 3050 contionem,
934 2993 965 3041 R.
988 2987 1111 3052 concione,
1126 2990 1157 3040 P.
1174 3029 1205 3038 ..
1220 2989 1320 3053 prasci

196 3056 309 3116 nendum,
321 3056 376 3105 Κσ.
390 3095 422 3104 ..
436 3054 551 3120 eclipsim,
562 3059 613 3122 Pa
626 3058 733 3122 eclipsin,
744 3059 799 3109 Rd.
813 3098 844 3107 ..
856 3076 894 3120 er,
906 3059 959 3108 Td.
972 3099 1004 3107 ..
1017 3064 1096 3107 natan
1111 3054 1232 3117 Graecos,
1244 3055 1273 3105 P.
1287 3069 1320 3104 ..’

196 3122 338 3190 olympiade,
354 3124 379 3172 R
400 3118 427 3183 (a
442 3137 475 3171 ex
493 3121 571 3186 corr.)
589 3164 621 3173 ..
639 3123 818 3188 XLIX-II,
836 3126 952 3188 Scaliger
966 3129 998 3176 de
1015 3127 1112 3175 emend.
1133 3132 1210 3188 temp.
1225 3138 1251 3187 p.
1261 3127 1320 3176 88⁹.

195 3183 422 3255 τῆςέννάτηςκαὶ
431 3187 833 3256 τεσσαρακοστῆςόλυμπιάδος,
842 3195 930 3258 Lydus
939 3195 970 3243 de
980 3200 1071 3244 ostent.
1080 3207 1105 3256 p.
1118 3199 1159 3242 ³0.
1176 3231 1208 3240 ..
1226 3199 1321 3256 pram,

196 3271 246 3306 om.
255 3257 285 3317 P,
295 3257 339 3318 qui
348 3264 423 3305 antea
436 3257 623 3325 quadrupesimo
632 3269 715 3310 onnon
723 3261 808 3311 habet.
822 3302 853 3310 -
865 3261 971 3324 Alyatte,
984 3261 1115 3311 aarum
1125 3257 1210 3322 (codd.
1220 3258 1321 3310 Gelenii

196 3323 343 3373 etTurnebi
355 3326 410 3373 adv.
425 3331 464 3385 18,
482 3324 536 3389 24.)
549 3330 594 3377 aab
611 3327 717 3392 Alyatte,
729 3330 759 3378 (1²
775 3324 927 3390 (Richelet.)
950 3331 994 3378 aab
1006 3325 1117 3389 Alarico,
1128 3329 1158 3378 P.
1178 3366 1210 3375 -
1231 3323 1321 3387 CXX,

195 3393 288 3443 RPad
300 3389 427 3455 (Richel.)
449 3389 529 3455 OLX,
542 3394 569 3444 h.
591 3391 735 3458 CLXXX,
753 3389 799 3445 Or.
817 3396 877 3446 Vid.
894 3397 984 3447 Ideler.
1002 3395 1116 3445 chronol
1128 3395 1209 3445 math.
1222 3399 1247 3455 2,
1261 3398 1319 3444 les.

230 3462 298 3524 §th
317 3460 376 3520 eins,
386 3462 416 3511 P.
428 3502 459 3509 ..
473 3476 578 3525 cursam,
590 3463 676 3513 Pad2.
695 3464 784 3515 Omitt.
800 3465 868 3514 Rd¹.
886 3505 919 3513 -
937 3471 1058 3525 sexcenta,
1069 3465 1099 3513 P.
1118 3503 1150 3512 -
1168 3476 1255 3523 annos,
1268 3476 1319 3511 om.

195 3528 233 3578 Ρ.
244 3568 275 3577 -
293 3528 421 3591 praecinit,
433 3531 476 3579 ad.
496 3531 635 3594 praecinit,
647 3533 692 3581 Ra
711 3532 870 3597 praececinit,
881 3533 952 3583 3²1³.
972 3571 1003 3580 -
1025 3538 1050 3582 et
1061 3531 1130 3592 edna,
1142 3533 1167 3580 d.
1186 3569 1218 3578 -
1242 3529 1320 3590 oca,

195 3595 332 3648 assur.
359 3596 434 3658 nicos,
454 3593 531 3648 Pa²d
551 3594 598 3659 (ex
618 3596 696 3660 corr.)
715 3594 744 3660 β.
763 3640 795 3648 ..
814 3598 908 3663 inpone,
928 3600 954 3652 R
974 3595 1020 3660 (ex
1040 3597 1116 3661 corr.)
1129 3638 1161 3647 ..
1173 3596 1319 3658 mortalium,

112 3701 115 3705 -
195 3665 295 3715 RPad.
314 3663 434 3725 mortalia
447 3665 495 3714 Tr.
515 3705 546 3713 -
564 3674 682 3727 nuaram,
695 3667 796 3717 RPad.
814 3675 914 3727 natura,
926 3680 950 3716 σ.
963 3666 1052 3717 Omitt.
1065 3667 1113 3716 Tr.
1133 3704 1164 3715 -
1184 3665 1318 3725 numinum,

195 3746 245 3782 om.
262 3744 286 3780 σ.
310 3771 342 3780 ..
364 3731 458 3794 misere,
474 3732 519 3782 12¹.
545 3773 577 3781 ..
600 3732 709 3794 insoluto,
726 3736 771 3785 1³¹.
796 3774 828 3783 ..
851 3731 995 3797 defectibus,
1011 3733 1162 3785 RSTPad.
1186 3731 1320 3796 deenen

195 3797 331 3861 stellarum,
342 3794 371 3860 β.
391 3840 423 3848 -
441 3799 541 3862 scelere,
553 3802 578 3851 R
590 3798 630 3863 (in
641 3816 692 3865 quo
705 3803 903 3866 suprascriptum
915 3799 1055 3862 atelhrnm)
1067 3803 1113 3851 ad.
1125 3799 1223 3861 sceleri,
1235 3799 1265 3850 P.
1285 3839 1317 3848 .-

195 3877 246 3928 ant,
267 3868 290 3917 d.
317 3875 349 3930 nt,
369 3861 490 3918 RPOar.
510 3907 541 3917 ..
556 3877 671 3933 pavente,
688 3869 792 3920 Barbar.
809 3871 883 3922 Rad.
902 3878 1029 3934 pavente,
1046 3871 1098 3919 Po.
1118 3907 1150 3918 ..
1173 3882 1228 3930 qao,
1244 3867 1318 3917 Pad.

198 3934 268 3996 qnod,
280 3936 312 3984 R.
327 3949 386 3998 qna,
397 3952 417 3984 r.
431 3976 463 3984 -
475 3944 545 3997 meta,
556 3939 580 3987 R
592 3934 638 4000 (ad
649 3933 744 4000 marg.)
756 3940 780 3988 d.
799 3952 889 3996 menae,
900 3939 953 3990 Ba.
971 3946 1052 3997 mente,
1064 3937 1112 3987 Pr.
1127 3975 1159 3986 ..
1178 3931 1321 3987 Stesichori

197 4010 220 4050 ct
229 4000 347 4062 Pindari,
359 4004 408 4053 vid.
421 4003 552 4054 Plutarch.
564 4007 595 4055 de
606 4004 672 4055 iacis
682 4006 710 4054 in
722 4007 776 4056 orb.
789 4007 841 4055 lun.
856 4011 894 4055 19.
907 4021 932 4068 p.
945 4010 1003 4055 ael.
1020 4005 1124 4054 Pindari
1140 4003 1218 4053 verba
1234 4017 1318 4053 serva·

197 4069 234 4117 vit
253 4070 360 4132 Dionys.
378 4071 461 4120 Halia.
483 4074 514 4122 de
525 4073 660 4124 Demosth.
681 4075 770 4136 gravit.
791 4075 839 4124 dic.
856 4088 881 4137 p.
896 4075 952 4124 167.
965 4069 1068 4136 (fragm.
1080 4073 1154 4123 Pind.
1166 4071 1227 4122 vn.
1240 4076 1264 4120 4.
1277 4071 1317 4120 ed.

196 4134 326 4199 Bocckh.)
347 4178 377 4185 -
396 4137 503 4201 sublimi,
514 4141 540 4190 R
551 4136 582 4202 (a
594 4157 639 4190 ora
654 4142 769 4192 additum
786 4142 818 4192 ab
834 4141 878 4191 alt.
895 4138 996 4204 manu.)
1010 4139 1121 4201 sabaha,
1139 4153 1163 4190 σ.
1183 4178 1215 4189 ...
1234 4135 1265 4186 de
1277 4150 1316 4188 rs·

198 4201 274 4268 llwvv
285 4204 315 4254 P·
335 4245 366 4252 -
385 4214 413 4254 at
427 4207 460 4268 in,
477 4210 521 4257 ad.
545 4218 575 4269 et,
593 4208 622 4258 P.
641 4208 683 4270 od,
694 4211 720 4261 R
737 4207 768 4272 (d
779 4225 813 4259 ex
824 4206 901 4271 corr.)
920 4218 971 4270 ant,
982 4222 1002 4258 r.
1021 4209 1088 4270 etin,
1099 4204 1129 4271 β.
1150 4248 1181 4257 ..
1200 4204 1284 4267 lunae,
1295 4220 1316 4256 r.

231 4274 298 4336 555.
314 4280 419 4336 partem,
440 4276 476 4323 at
499 4283 583 4339 porte,
603 4277 649 4326 at
669 4317 700 4326 ..
718 4278 823 4341 iynnrns
844 4277 959 4339 carticina,
979 4277 1008 4326 P.
1033 4316 1064 4326 ..
1087 4274 1220 4338 reducere,
1241 4291 1264 4325 a.
1284 4312 1316 4323 .-
