2888 4794
619 319 727 365 meua
749 319 771 364 1.
1212 295 1251 358 31

135 476 203 540 ss⁴¹
221 473 339 538 ineant.
364 471 457 553 Quae
479 469 664 559 longissima
677 470 744 536 vita
758 469 904 555 piscium.
929 467 1011 548 Quis
1025 467 1147 553 primus
1162 465 1252 530 viva-

135 577 182 642 ria
211 586 388 640 ostrearum
415 574 582 639 invenerit.
621 571 705 654 Quis
738 572 860 657 primus
892 571 1087 653 reliquorum
1115 569 1254 654 piscium

134 677 256 744 vivaria
290 676 464 760 instituerit
481 682 518 740 ⁴².
567 673 649 756 Quis
681 696 885 738 murenarum
916 673 1037 737 vivaria
1069 670 1252 736 instituerit.

132 778 278 866 insignia
297 778 492 862 piscinarum
500 779 535 841 ⁴³.
570 774 652 857 Quis
674 776 796 862 primus
822 774 1000 839 coclearum
1020 773 1141 838 vivaria
1161 772 1254 837 insti·

136 882 241 946 tuerit.
270 880 382 944 Pisces
398 880 524 943 terreni.
554 878 608 942 De
623 877 766 942 muribus
781 878 814 940 in
828 875 902 942 Nilo
911 879 946 940 4⁴.
971 873 1143 956 Quomodo
1166 874 1254 959 capi·

136 994 231 1047 antur
263 982 390 1046 anthiae
421 982 536 1066 pisces.
581 979 634 1043 De
665 980 764 1046 stellis
791 978 932 1043 marinis.
974 977 1028 1042 De
1057 976 1256 1061 dactylorum

136 1084 307 1149 miraculis.
352 1082 404 1147 De
436 1080 609 1146 inimicitiis
635 1081 719 1144 inter
746 1103 780 1146 se
809 1080 997 1164 aquatilium
1032 1088 1064 1142 et
1096 1078 1255 1143 amicitiis.

139 1183 287 1250 Summa:
311 1206 362 1249 res
385 1193 417 1249 et
437 1183 587 1247 historiae
610 1193 643 1246 et
664 1182 902 1248 observationes
924 1184 1041 1245 nortl.

178 1285 236 1351 Ex
256 1286 510 1349 Aucronlssus:
544 1282 702 1348 Turranio
725 1281 845 1350 Gracili
853 1287 889 1362 ⁴⁶,
913 1282 1032 1370 Trogo,
1055 1281 1256 1359 Maecenate,

137 1388 224 1454 Alfio
233 1391 258 1428 ⁴⁷
272 1386 374 1453 Flavo
383 1388 418 1464 ⁴⁸,
443 1383 593 1451 Cornelio
615 1385 751 1471 Nepote,
774 1386 913 1451 Laberio
935 1384 1168 1472 mimographo,
1190 1381 1257 1447 Fa-

137 1490 243 1567 biana,
273 1488 466 1566 Fenestella,
489 1487 654 1565 Muciano,
676 1488 772 1554 Aelio
796 1487 929 1567 Stilone,
959 1488 1063 1553 Statio
1072 1490 1097 1528 ⁴⁹
1121 1483 1256 1563 Seboso,

139 1590 284 1669 Meliss0‚
316 1589 451 1668 Seneca,
483 1586 650 1668 Cicerone,
681 1589 794 1656 Macro
821 1590 973 1667 Aemilio,
1004 1588 1148 1655 Messala
1175 1586 1257 1653 Cor-

140 1693 226 1771 vino,
249 1692 368 1757 Trebio
389 1691 501 1779 Nigro,
523 1691 665 1779 Nigidio.

180 1794 384 1859 Exrnams:
408 1793 592 1871 Aristotele,
615 1793 775 1858 Archelao
797 1817 884 1881 rege,
909 1791 1114 1869 Callimacho,
1134 1790 1258 1855 Demo-

139 1897 231 1975 crito,
253 1895 484 1979 Theophrasto,
507 1894 686 1978 Thrasyllo,
701 1893 955 1981 Hegesidemolo
974 1891 1159 1977 Cythnio⁶¹‚
1178 1891 1259 1957 Ale-

139 1999 263 2063 xandro
285 1995 491 2082 polyhistore.

403 2167 552 2243 LIBRO
579 2169 624 2244 X.
654 2169 1010 2245 CONTINENTUR

48 2315 53 2325 ‘
141 2302 319 2371 Volucrum
340 2311 472 2366 naturae
480 2304 500 2364 ¹.
524 2300 577 2365 De
592 2301 847 2366 struthocamelo.
870 2301 946 2367 Del
965 2301 1131 2388 phoenice.
1154 2300 1262 2384 Aqui-

141 2406 244 2470 larum
266 2426 402 2491 genera3
430 2412 545 2467 natura
566 2425 690 2481 earum;
719 2405 847 2487 quando
868 2405 1032 2493 legionum
1054 2405 1167 2493 signa³
1191 2410 1263 2468 esse

142 2504 320 2590 coeperint3
352 2505 393 2568 de
415 2505 522 2588 aquila
543 2527 625 2588 quac
653 2505 687 2569 in
708 2528 823 2593 rogum
844 2508 978 2594 virginis
1005 2531 1039 2572 se
1060 2507 1156 2571 misit
1189 2506 1263 2571 De4

142 2609 276 2674 volture.
301 2603 493 2688 Sanqualis⁵
514 2608 592 2671 avis.
614 2606 843 2672 Inmussulusl.
872 2608 1067 2693 Accipitres.
1087 2607 1202 2672 Buteo.
1223 2606 1263 2670 In

143 2708 261 2791 quibus
280 2707 359 2772 locis
374 2708 527 2771 societate
542 2707 710 2792 accipitres
725 2718 758 2771 et
771 2705 915 2772 homines
936 2718 1145 2792 aucupentur.
1170 2706 1263 2787 Quae

143 2810 210 2874 avis
238 2810 306 2875 sola
331 2831 351 2872 a
379 2829 577 2894 sucgerere
603 2807 810 2872 interimatur.
846 2805 939 2888 Quae
966 2809 1034 2872 avis
1057 2809 1182 2896 singula
1203 2830 1265 2873 ova

143 2912 256 2998 pariat.
289 2909 394 2976 Milvi.
427 2909 576 2997 Digestio
604 2909 710 2974 avium
731 2931 789 2995 per
811 2932 939 2998 genera.
974 2910 1027 2982 De
1054 2910 1264 2995 inauspicatis

143 3014 267 3080 avibus.
302 3011 485 3078 Cornices⁷.
520 3009 648 3092 Quibus
669 3013 833 3078 mensibus
858 3035 924 3077 non
952 3014 1016 3078 sint
1036 3012 1262 3098 inauspicatae.

145 3115 340 3181 Dacorvis.
374 3114 428 3180 De
449 3115 587 3180 bubone.
626 3114 679 3180 De
701 3116 836 3181 avibus⁸
860 3139 995 3200 quarum
1016 3118 1082 3182 vita
1103 3126 1160 3183 aut
1179 3115 1264 3180 noti·

147 3217 212 3281 tia⁹
235 3217 406 3284 intercidit.
449 3214 542 3297 Quae
570 3241 590 3282 a
619 3218 721 3283 cauda
741 3231 922 3284 nascantur.
959 3218 1013 3285 De
1042 3220 1178 3284 noctuis.
1211 3217 1265 3284 De

146 3460 253 3521 arimarii,
265 3461 318 3511 Td.
330 3460 371 3510 De
383 3462 473 3521 ostreis,
486 3461 537 3510 Ra.
562 3467 602 3511 43.
615 3461 725 3528 Iasipaia
734 3465 890 3527 piscinarum,
903 3466 955 3515 Td.
969 3465 1097 3515 omittunt
1107 3469 1159 3518 Ra.
1189 3475 1229 3517 44.
1239 3469 1264 3517 ia

145 3526 213 3588 Nilo,
226 3529 298 3578 Tad.
315 3527 377 3585 Nili,
389 3530 421 3578 R.
457 3534 497 3577 45.
509 3525 590 3590 DOL,
607 3532 658 3584 Ra.
677 3530 734 3592 DC,
753 3533 804 3581 Td.
850 3539 890 3583 46.
911 3531 1017 3594 Gracile,
1034 3536 1135 3584 RTad.
1158 3536 1196 3584 At
1213 3535 1262 3584 vid.

145 3596 255 3644 indicem
275 3596 334 3645 libri
353 3598 401 3646 III.
423 3611 481 3644 cum
501 3597 610 3646 lectione
629 3600 706 3648 varia.
751 3604 792 3649 47.
813 3599 847 3650 Al
865 3620 886 3662 o,
907 3603 959 3651 Td.
980 3601 1059 3664 Aloio,
1076 3605 1127 3652 Ra.
1145 3602 1264 3662 Albinar·

108 3714 111 3719 ,
145 3660 232 3724 (codd.
244 3661 371 3724 Barbari.)
407 3670 447 3713 48.
465 3664 554 3726 Flavo,
566 3668 645 3717 RTa.
657 3668 684 3718 F
683 3667 754 3727 lavia,
772 3671 805 3718 dr
817 3667 902 3730 (codd.
919 3667 1047 3730 Barbari.)
1063 3671 1101 3719 At
1112 3672 1161 3719 vid.
1175 3669 1262 3718 Garat.

146 3733 178 3780 ad
190 3731 243 3781 cic.
255 3732 343 3780 Plano.
356 3748 380 3795 p.
394 3738 451 3781 2³9.
465 3735 503 3782 ed.
517 3733 560 3783 Or.
597 3741 637 3784 49.
657 3735 743 3796 Statio,
760 3738 812 3787 Td.
828 3742 863 3803 p,
881 3741 912 3789 R.
925 3738 956 3787 Iu
973 3755 989 3788 a
1006 3739 1107 3786 lacuna.
1152 3742 1191 3786 50.
1214 3736 1262 3786 Aa·

72 3816 74 3821 ¹
145 3797 392 3865 peridemo,r(codd.
405 3799 532 3863 Barbari.)
569 3809 607 3852 51.
625 3801 729 3870 Optimo,
742 3806 772 3855 T.
796 3803 1016 3871 Cydaio,r(codd.
1029 3802 1262 3866 Barbariasaaino,

97 3910 99 3915 .
146 3868 190 3916 ad.
205 3865 549 3932 Sadyao,R'.Sadiae,R².

179 3934 223 3984 Ad
234 3935 343 3984 indicem
355 3937 411 3984 libri
424 3937 457 3985 X.
475 3938 580 3986 adhibui
592 3938 645 3987 RT
653 3940 676 3986 d.
694 3941 734 3989 Dc
750 3954 766 3988 a
781 3940 830 3988 vid.
848 3943 880 3990 ad
892 3942 985 3991 librum
996 3942 1030 3991 Π.

183 4006 204 4050 1.
223 4001 346 4051 volucram
358 4012 466 4063 naturae,
480 4005 574 4053 omittit
586 4021 604 4052 r.
645 4011 668 4053 2.
686 4007 734 4065 De,
747 4006 777 4054 T.
791 4007 919 4057 Omittunt
930 4011 980 4058 Ra.
1015 4015 1038 4057 3.
1057 4007 1127 4074 aipaa
1139 4008 1262 4076 lopiacum,

145 4069 177 4118 R.
213 4075 236 4118 4.
258 4070 308 4131 Dc,
325 4072 355 4120 T.
375 4070 503 4120 Omittunt
520 4073 570 4120 Ra
612 4078 634 4120 5.
659 4071 803 4134 Saaqaalia
820 4075 973 4125 Harduinus.
999 4075 1140 4142 Sanqaalia
1158 4080 1187 4128 R.
1212 4079 1263 4128 Aa·

197 4135 234 4198 lia,
247 4138 299 4188 Td.
331 4143 353 4187 6.
372 4137 504 4199 incausalis,
517 4140 547 4188 R.
580 4142 602 4188 7.
619 4139 660 4189 De
672 4140 830 4204 maacpicatis
842 4143 935 4192 aaziae.
948 4144 1059 4205 coraz'ces,
1072 4147 1122 4195 Ra.
1145 4144 1263 4196 Comicae.

164 4205 321 4270 camphorae
332 4221 399 4265 avar,
412 4206 464 4256 Td.
505 4211 527 4255 8.
545 4205 585 4256 De
598 4207 691 4267 aazias,
704 4209 754 4259 Ra.
773 4209 845 4271 Aoos,
859 4211 910 4262 Tc
951 4219 973 4262 9.
992 4214 1075 4264 notitia
1092 4223 1135 4263 aut
1152 4215 1218 4275 vatia,
1231 4214 1263 4265 R.
