2888 4794
103 312 106 317 ·
182 291 207 332 X
652 288 842 333 rmrarro.

183 445 287 503 edem
310 460 416 502 manus
439 443 568 502 emunda
588 442 688 501 scedas
708 442 799 502 habet
819 440 1070 519 interpolationes,
1090 441 1170 516 ιιι7,
1187 440 1259 506 197.
1279 459 1307 508 et

182 556 331 626 Metellus,
360 572 421 629 qus
446 554 596 613 occasione
619 554 717 613 statim
741 553 896 611 dicendum
922 570 976 612 nos
999 553 1031 612 in
1056 552 1185 614 editione
1204 564 1308 615 nostra

180 665 308 742 primam
326 664 415 723 huius
435 662 542 722 codicis
563 681 684 721 manum
704 680 823 739 semper
841 670 911 722 nota
924 662 979 735 R1,
993 663 1119 721 alteram
1133 664 1307 740 172θίςηίίί-

123 840 128 848 ,
181 792 272 834 casse.
304 773 442 833 Ceterum
463 791 566 832 omnes
584 773 642 831 hae
661 773 779 843 liturae,
798 789 929 844 rasurae,
952 774 1146 833 correctiones
1168 775 1309 834 desinunt

182 880 233 958 11,
248 881 333 957 216,
348 885 428 942 unde
441 883 570 960 pretium
583 884 673 942 huius
688 883 756 941 libri
767 882 834 940 inde
848 883 886 940 ab
899 884 930 941 h.
945 883 967 941 l.
981 882 1199 957 aliquantulum
1212 885 1308 944 immi·

180 995 291 1066 nuitur,
315 1012 384 1053 cum
403 994 464 1051 iam
483 994 572 1052 modo
592 993 752 1052 deteriores
771 992 910 1051 lectiones
929 1000 959 1051 et
979 1010 1095 1051 errores
1108 991 1307 1067 librariorum,

179 1122 239 1163 non
264 1104 439 1180 scripturam
463 1103 649 1163 emendatam
673 1105 846 1161 habeamus.
873 1098 944 1161 Non
968 1108 1070 1160 tamen
1093 1103 1136 1161 ita
1161 1105 1310 1163 consentit

179 1232 247 1273 cum
261 1213 303 1286 V,
325 1222 360 1272 nt
378 1231 439 1270 non
456 1231 512 1271 sua
531 1213 586 1271 sibi
595 1215 724 1290 propria
742 1213 851 1270 habeat
872 1212 959 1281 vitia3
981 1212 1024 1270 ita
1037 1211 1160 1270 lacunas
1174 1211 1265 1271 habet
1277 1212 1309 1272 in

179 1321 244 1382 aliis
264 1321 345 1381 libris
364 1340 423 1381 non
442 1329 588 1399 repertas,
610 1324 655 1381 uti
669 1319 721 1394 32,
736 1318 800 1396 49,
820 1321 871 1381 ubi
892 1324 984 1380 verba
997 1324 1024 1381 si
1038 1325 1104 1399 quis
1118 1324 1261 1394 aarum,
1276 1329 1308 1380 et

179 1427 233 1503 33,
245 1427 308 1502 84„
323 1432 375 1489 ubi
388 1431 481 1490 verba
491 1433 626 1508 pluribus
635 1436 724 1510 pollet
738 1436 768 1490 in
783 1434 926 1503 remediis,
940 1434 1152 1507 vulneratisque
1166 1441 1193 1489 et
1206 1433 1308 1507 insau-

180 1543 255 1606 ts'bur
273 1541 393 1612 omittit;
407 1542 450 1601 ita
469 1541 721 1618 interpolatricem
740 1560 861 1600 manum
880 1560 959 1601 unus
981 1548 1028 1599 est
1049 1547 1208 1617 expertus,
1231 1557 1309 1615 quae

180 1648 238 1726 35,
262 1647 335 1710 179.
354 1669 409 1727 pro
437 1670 472 1708 eo
497 1652 576 1725 quod
603 1670 703 1710 omnes
724 1653 808 1711 codd.
828 1653 902 1710 bene
921 1652 1032 1711 habent
1050 1661 1170 1727 roqueta
1192 1651 1310 1726 scripsit

179 1764 318 1838 menotio,
337 1760 390 1818 illa
408 1760 535 1819 lectione
554 1779 613 1819 non
634 1763 733 1820 statim
747 1762 910 1833 intellecta3
931 1761 1035 1820 eedem
1048 1756 1101 1832 36,
1119 1757 1147 1818 7.
1163 1759 1309 1835 scriptura

178 1870 234 1930 illa
251 1871 373 1946 antiqua
391 1873 484 1946 turpis
503 1889 557 1947 pro
577 1874 681 1947 iurqiis
701 1891 761 1931 non
780 1877 948 1949 percerpta,
969 1878 1004 1929 ut
1024 1871 1125 1944 aliqua
1149 1877 1227 1926 certe
1245 1887 1308 1928 vox

179 1981 306 2052 adesset,
321 1981 421 2056 posuit
434 1983 525 2056 iupis,
540 1999 596 2039 nec
609 1983 706 2040 minus
722 1977 774 2053 33,
791 1977 863 2041 118.
878 2000 933 2058 pro
943 1983 1049 2058 populi
1058 1981 1182 2039 Romani
1196 1980 1306 2038 nuttios

179 2094 224 2151 rei
243 2092 320 2149 mira
337 2088 562 2166 interpolatione
582 2091 662 2148 dedit
677 2110 770 2168 pyrro
791 2093 920 2150 Romano
939 2093 1047 2150 nullius
1068 2092 1139 2166 rapi.
1168 2085 1309 2147 Ceterum

181 2218 233 2259 aas
251 2199 339 2258 huius
353 2199 421 2258 libri
434 2200 633 2272 diversitates,
653 2218 729 2274 quae
747 2200 821 2258 nihil
834 2201 893 2258 nisi
905 2200 1090 2259 librariorum
1105 2216 1221 2257 errores
1235 2215 1308 2256 con-

180 2308 285 2380 tinent,
300 2328 320 2366 a
333 2309 421 2366 tertio
435 2308 512 2368 libro
526 2311 668 2368 adnotare
683 2310 778 2368 omisi.

223 2416 326 2477 Codex
351 2419 503 2478 Toletouuo
525 2413 585 2499 (Τ)
606 2427 742 2478 servatus
754 2420 786 2478 in
799 2419 976 2479 bibliotheca
990 2419 1130 2478 ecclesiae
1147 2417 1310 2476 Toletanas

182 2526 224 2586 H.
246 2524 284 2586 Ρ.
306 2528 382 2604 plut.
404 2522 456 2585 47.
471 2547 516 2586 nr.
534 2524 597 2600 14„
619 2529 649 2586 in
664 2547 763 2603 quam,
782 2529 825 2588 uti
838 2536 939 2588 narrat
951 2527 1118 2600 Pintianus,
1134 2534 1311 2587 testamento

182 2636 283 2714 Egidii
310 2637 474 2697 Alburnozi
502 2647 705 2697 sacrosanctae
735 2632 891 2698 Romanae
919 2639 1060 2698 ecclesiae
1087 2638 1165 2696 tituli
1192 2645 1311 2698 mactae

183 2746 308 2809 Sabinae
335 2748 499 2827 presbytcri
526 2749 681 2806 cardinalis
708 2748 903 2824 Toletanique
929 2748 1141 2825 archiepiscopi
1165 2747 1310 2824 pervenit.

182 2859 446 2947 „Membranaceus
461 2867 514 2951 est,
529 2858 626 2917 forma
636 2859 773 2931 maxima,
789 2859 933 2918 columnis
944 2859 1059 2916 duabus
1070 2857 1160 2915 nitide
1171 2857 1311 2932 scriptus,

181 2985 241 3028 nen
268 2969 394 3027 multum
421 2969 498 3026 inter
520 2986 551 3025 se
572 2968 748 3027 distantibus
766 2968 923 3031 ,versiculis
945 2976 975 3026 et
995 2967 1125 3041 undique
1145 2957 1311 3042 parallelis,

181 3086 285 3154 utpote
313 3079 365 3151 qui
390 3094 480 3152 supra
507 3075 598 3134 lineas
621 3077 689 3135 stilo
711 3078 911 3136 adamussim
932 3079 1037 3136 ductas
1060 3075 1191 3150 satisque
1211 3074 1312 3133 adhuc

182 3186 354 3262 conspicuas
375 3186 435 3243 sint
455 3185 578 3243 exarati.
607 3183 717 3244 Omnes
738 3186 830 3245 Plinii
850 3187 942 3245 libros
964 3194 1088 3262 excepto
1109 3184 1213 3244 ultimo
1235 3201 1309 3243 con-

182 3293 264 3353 tinet.
300 3292 441 3353 Crassum
468 3295 621 3368 volumen‚
650 3295 728 3355 loliis
756 3297 878 3373 triginta
898 3315 991 3374 supra
1010 3297 1138 3355 ducenta
1159 3300 1308 3354 constans.

183 3403 362 3462 Tarsissima
381 3404 465 3476 haec,
494 3405 661 3464 firmissima
683 3407 854 3479 etiamnum,
875 3425 946 3465 raro
967 3424 1097 3476 corrosa,
1119 3422 1215 3481 neque
1236 3404 1311 3463 adeo

183 3520 257 3586 tam,
278 3522 314 3572 ut
333 3514 392 3590 legi
411 3516 606 3590 undequaque
627 3534 687 3574 non
707 3518 832 3593 possint.
855 3516 987 3575 Ornatur
1008 3517 1102 3575 codex
1122 3513 1213 3573 variis
1232 3513 1311 3574 ima·

181 3623 300 3699 ginibus
322 3642 377 3682 seu
389 3625 534 3697 iconibus,
552 3626 696 3685 librorum
709 3627 859 3704 principiis
873 3626 1007 3704 appictis‚
1026 3626 1134 3701 quibus
1147 3623 1309 3697 hominum,

181 3733 360 3811 plantarum,
381 3752 602 3811 nonnumquam
623 3744 653 3794 et
673 3737 851 3814 serpentium
873 3737 960 3795 rudes
975 3737 1120 3813 quaedam
1133 3735 1247 3810 figurae
1260 3752 1310 3792 re-

182 3851 417 3919 praesentantur.
438 3845 495 3904 His
515 3863 604 3922 porro
624 3846 756 3906 iconibus
777 3846 969 3907 includuntur
989 3845 1166 3923 plerumque
1182 3843 1310 3903 initiales

181 3952 324 4013 librorum
344 3956 479 4028 litterae,
502 3974 578 4032 quae
598 3975 658 4015 nen
680 3928 764 4015 secus
785 3974 821 4015 ac
841 3956 910 4014 illae
930 3956 1119 4015 versicolores
1141 3963 1212 4014 sunt
1232 3953 1310 4013 aliae

182 4063 301 4134 rubrae,
324 4063 398 4123 aliae
420 4067 580 4140 caerealeae,
603 4067 747 4141 quaedam
770 4061 948 4126 violaceae.’'
973 4065 1106 4125 Primam
1127 4066 1215 4125 huius
1229 4064 1308 4125 codi-

184 4165 228 4232 cis
252 4173 384 4234 neuton
410 4175 530 4237 dederat
555 4176 710 4236 Pintianus
736 4179 768 4237 in
788 4176 1048 4257 ⁶observationibus
1068 4176 1214 4238 Plinianis
1237 4173 1308 4237 Sal·
