2888 4794
393 277 463 324 nra.
480 277 516 322 11.
547 276 624 323 our.
642 275 833 323 xer-xcv.
865 275 962 323 sacr.
979 277 1071 322 aaa.
1229 258 1289 325 187

123 458 126 463 ·
170 431 358 508 excludens,
386 428 617 495 medicatorum
639 427 776 492 fontium
798 428 863 506 vis,
891 426 1015 516 ignium
1042 438 1090 492 tot
1110 427 1187 495 locis
1209 429 1289 495 emi-

170 533 310 598 cantium
323 543 480 619 perpetua
500 541 547 597 tot
568 529 703 596 saeculis
724 529 882 609 incendia,
906 530 1038 616 spiritus
1059 530 1169 597 letales
1191 529 1290 598 aliubi

169 646 226 701 aut
246 634 414 701 scrobibus
441 633 550 700 emissi
571 644 627 699 aut
652 633 723 720 ipso
744 632 807 697 loci
828 630 892 697 situ
912 631 1085 710 mortiferi,
1113 632 1211 699 aliubi
1232 655 1290 699 vo-

168 736 310 802 lucribus
333 746 458 801 tantum
478 746 516 800 ut
535 733 668 800 Soracte
689 734 794 799 vicino
816 732 889 798 urbi
911 741 1026 811 tractu,
1049 733 1147 798 aliubi
1160 744 1290 820 praeter

168 837 330 904 hominem
352 838 467 904 ceteris
488 835 718 915 animantibus,
740 856 980 918 nonnumquam
1002 844 1035 900 et
1055 834 1175 900 homini
1196 845 1234 900 ut
1254 835 1289 900 in

170 937 365 1007 Sinuessano
386 961 466 1029 agro
487 951 519 1005 et
539 938 734 1017 Puteolan03
762 936 921 1024 spiracula
940 947 1068 1015 vocant,
1091 936 1144 1002 alii
1167 935 1290 1003 Charo·
1304 959 1354 1004 aas

170 1064 231 1108 nea
253 1043 373 1108 scrobis
394 1042 595 1108 mortiferum
616 1041 765 1128 spiritum
786 1037 975 1118 exhalantis,
997 1039 1076 1104 item
1096 1037 1130 1102 in
1143 1037 1291 1124 Hirpinis

169 1143 361 1230 Ampsancti
387 1144 429 1211 ad
454 1144 612 1232 Mephitis
639 1145 753 1211 aedem
777 1144 900 1223 locum,
929 1164 1025 1227 quem
1052 1142 1107 1226 qui
1132 1142 1291 1207 intravere

170 1246 363 1327 moriuntur,
397 1248 492 1315 simili
519 1248 615 1313 modo
642 1247 811 1333 Hierapoli
836 1245 870 1310 in
896 1246 994 1324 Asia,
1021 1241 1138 1308 Matris
1167 1253 1291 1310 tantum

169 1345 310 1436 Magnae
332 1350 488 1416 sacerdoti
508 1350 683 1416 innoxium.
716 1347 829 1416 Aliubi
851 1347 975 1413 fatidici
998 1367 1131 1432 specus,
1155 1367 1291 1430 quorum

170 1451 368 1518 exhalatione
390 1452 556 1519 temulenti
582 1453 693 1518 futura
712 1451 915 1538 praecinant,
942 1461 980 1516 ut
998 1448 1138 1536 Delphis
1158 1449 1291 1516 nobilis·

171 1552 251 1618 simo
272 1554 410 1621 orecrrlo.
439 1553 567 1635 Quibus
587 1555 622 1620 in
642 1552 740 1620 rebus
761 1553 840 1638 quid
860 1553 965 1639 possit
985 1553 1073 1618 aliud
1094 1540 1290 1617 causae'ad-

169 1652 255 1718 ferre
281 1657 463 1721 mortalium
489 1655 649 1742 quispiam
674 1677 773 1739 quam
799 1654 936 1720 diffusae
962 1676 1021 1741 per
1045 1676 1138 1720 omne
1159 1663 1291 1720 naturae

172 1753 308 1819 subinde
330 1756 422 1822 aliter
443 1767 539 1840 atque
561 1755 653 1822 aliter
674 1778 792 1821 numen
814 1756 1006 1841 erumpens?

211 1853 339 1923 XCIV.
378 1856 429 1920 96.
458 1855 628 1937 Quaedam
654 1879 732 1923 vere
760 1866 863 1923 terrae
890 1857 933 1922 ad
953 1857 1117 1944 ingressus
1139 1864 1290 1933 tremunt,

171 1956 255 2021 sicut
275 1957 310 2022 in
331 1955 489 2023 Gabiensi
515 1981 594 2046 agro
616 1980 680 2024 non
700 1958 812 2044 procul
832 1958 913 2024 urbe
933 1957 1037 2023 Roma
1056 1955 1168 2044 iugera
1189 1952 1291 2022 ferme

173 2056 313 2123 ducenta
334 2058 547 2142 equitantium
568 2082 675 2139 cursu,
698 2059 843 2125 similiter
862 2061 896 2124 in
917 2058 1063 2124 Reatino.

210 2157 323 2226 XCV.
358 2159 528 2241 Quaedam
548 2163 670 2228 insulae
692 2183 818 2247 semper
837 2161 1012 2240 fluctuant,
1043 2159 1128 2226 sicut
1152 2161 1187 2225 in
1213 2182 1290 2249 agro
1304 2179 1353 2224 aas

172 2258 324 2329 Caecubo
347 2274 380 2327 et
401 2263 514 2331 eodem
534 2263 686 2344 Reatino,
708 2262 899 2342 Mutinensi,
922 2261 1129 2330 Statoniensi.
1160 2261 1200 2327 In
1220 2261 1290 2329 Va·

170 2363 306 2431 dimonis
331 2367 405 2433 lacu
432 2378 465 2433 et
491 2368 534 2432 ad
561 2364 697 2434 Cutilias
723 2387 824 2452 aquas
850 2387 952 2454 opaca
978 2364 1059 2433 silva
1085 2368 1169 2450 quae
1194 2387 1291 2431 num·

169 2567 334 2618 manem.
359 2563 510 2629 Charoneas,
521 2563 664 2631 B²adss7n
685 2567 731 2618 Uti
748 2566 902 2618 casaubono
918 2567 1043 2617 assentior
1061 2563 1203 2616 Charoneas
1221 2582 1289 2617 sara-

170 2634 209 2683 tes
220 2634 293 2697 iungi
304 2649 356 2684 uon
368 2649 451 2698 posse,
468 2637 512 2684 sed
526 2637 624 2684 santes
639 2634 798 2684 referendum
810 2649 865 2684 esse
876 2633 1059 2696 adaequantia,
1071 2634 1109 2684 ita
1125 2634 1212 2684 locum
1223 2648 1289 2684 non-

169 2705 230 2752 dum
245 2709 408 2764 personatum
423 2701 550 2751 existimo.
572 2701 640 2751 Tam
657 2702 719 2750 dure
734 2702 802 2750 enim
817 2701 894 2750 rerba
909 2703 1007 2749 scrobes
1020 2739 1053 2748 -
1067 2697 1212 2750 exhalantes
1229 2710 1289 2752 sunt

169 2770 244 2829 dicta,
256 2776 310 2817 tam
320 2768 441 2830 languide
452 2768 546 2828 addita,
557 2773 587 2816 ut
597 2767 660 2817 talia
675 2767 788 2817 Plinium
800 2767 929 2830 scripsisse
939 2781 1080 2829 numquam
1090 2768 1155 2817 mihi
1172 2769 1221 2818 sim
1231 2783 1289 2832 per·

169 2851 296 2886 suasurus.
308 2836 368 2885 Huc
379 2835 483 2895 accedit,
496 2835 565 2898 quod
576 2848 680 2897 prorsus
692 2837 780 2885 eadem
790 2835 869 2898 paulo
880 2849 957 2897 supra
967 2835 1100 2896 leguntur:
1112 2834 1216 2897 spiritns
1227 2834 1288 2887 letn-

170 2900 206 2950 les
217 2901 343 2951 scrobibus
354 2901 444 2963 emissi,
456 2916 521 2965 quse
528 2902 658 2964 repetendi
668 2901 753 2951 Plinio
764 2902 815 2952 hoc
826 2902 886 2951 loco
898 2917 952 2952 non
962 2900 1012 2952 init
1024 2916 1107 2952 causa.
1129 2902 1198 2952 Hinc
1207 2906 1286 2956 verba

169 2969 304 3032 dequibus
322 2969 406 3032 agitur
421 2983 476 3019 uon
492 2970 603 3020 aPlinio
619 2968 742 3034 proiecta,
759 2972 804 3021 sed
821 2986 837 3021 a
852 2970 955 3021 librario
968 2970 1055 3034 aliquo
1068 2970 1194 3021 lemmatis
1210 2971 1290 3023 instar

168 3037 277 3100 margini
293 3038 420 3102 adscripta
434 3052 534 3099 censeo,
548 3041 620 3088 unda
630 3047 721 3104 postea
736 3039 763 3089 in
779 3039 890 3090 mediam
902 3039 1043 3090 orationem
1055 3046 1114 3088 sunt
1129 3047 1239 3103 recepta.
1256 3079 1288 3089 .-

169 3121 273 3170 scrupea,
284 3106 319 3156 Α
337 3145 369 3156 ..
388 3103 513 3170 cannata,
525 3108 572 3157 3¹.
590 3148 622 3158 ..
640 3105 793 3171 Ampsancti,
805 3108 860 3158 Aa.
878 3105 1014 3168 Amsancti,
1026 3102 1149 3171 R²oflpc
1166 3105 1287 3170 Arnencti,

168 3174 218 3223 at
235 3171 348 3237 Ansacti,
366 3167 395 3224 θ.
416 3176 508 3240 Inepta
523 3174 619 3240 profert
634 3176 696 3228 Ulit
715 3178 748 3226 nd
765 3177 835 3228 Grat.
849 3176 946 3241 Cyneg.
959 3181 1018 3227 435.
1037 3215 1070 3226 ..
1095 3173 1223 3241 Mephitis,
1235 3174 1285 3228 ΕΙ.

169 3238 278 3305 Mesatis,
290 3243 325 3292 A.
344 3239 470 3308 Maphtiis,
482 3257 506 3293 σ.
525 3284 557 3293 ..
575 3260 651 3308 qnam,
662 3245 738 3295 Aac.
757 3263 793 3309 q,·,
804 3247 837 3296 R
856 3285 888 3295 ..
905 3242 1041 3310 Hierapoli
1052 3243 1086 3306 in,
1098 3245 1175 3295 Anu.
1193 3243 1288 3295 Hiera·

164 3309 240 3373 polin,
252 3312 278 3360 R
289 3307 336 3373 (lin
347 3326 381 3362 ex
392 3308 471 3375 corr.)
484 3351 516 3361 ..
527 3309 622 3374 Aliubi,
638 3306 697 3363 Re.
715 3311 792 3375 Alibi,
804 3308 929 3378 Aadssr.
941 3355 973 3363 -
983 3313 1141 3376 praecinant,
1152 3314 1288 3364 RATna.

163 3378 317 3442 praecinant,
332 3374 384 3444 βγ.
402 3420 435 3429 -
454 3387 489 3440 nt,
508 3394 558 3428 om.
574 3381 623 3430 12¹.
643 3419 675 3429 -
693 3379 764 3440 alini,
779 3381 814 3431 A.
836 3420 868 3430 -
891 3384 992 3446 afferre,
1009 3381 1161 3430 RATadr.
1190 3385 1288 3447 effcrra

166 3441 195 3505 β.
214 3487 245 3496 ..
261 3463 307 3511 pcr
323 3462 395 3509 omne,
406 3448 461 3498 Aa
484 3462 568 3506 amnes,
579 3447 632 3496 Ra.
651 3486 683 3496 ..
698 3445 809 3510 perinde,
824 3449 877 3498 Ra„
895 3486 928 3496 -
945 3462 1033 3506 nornen
1049 3448 1099 3496 R2.
1122 3449 1195 3497 Idem
1209 3448 1288 3499 fuisse

166 3514 265 3562 videtur
280 3515 307 3563 in
327 3515 362 3564 A.
376 3554 408 3563 ..
420 3523 496 3574 atero,
517 3516 548 3564 R
562 3553 593 3562 ..
606 3522 715 3576 tremant,
726 3513 797 3565 Ana
831 3523 927 3576 remant,
939 3516 971 3566 R
979 3522 1130 3579 precantur,
1142 3515 1195 3564 Tri.
1211 3530 1287 3578 prac-

167 3588 272 3643 muniar,
290 3584 329 3631 a¹.
349 3622 381 3632 ..
402 3579 529 3643 Gabiensi,
541 3598 564 3633 a
591 3578 719 3644 Gaviensi,
730 3584 765 3634 A.
817 3582 929 3645 raniensi,
945 3584 970 3634 R
982 3579 1009 3642 (o
1025 3597 1058 3632 ex
1076 3579 1152 3644 corr.)
1169 3583 1194 3631 d.
1216 3579 1287 3634 Gali-

168 3647 243 3710 nansi,
258 3651 331 3701 codd.
348 3651 424 3702 Reae.
443 3691 476 3700 -
492 3650 561 3713 arbi,
572 3652 606 3702 A.
625 3691 657 3702 ..
674 3649 760 3717 inpiae,
772 3652 822 3702 R¹.
840 3692 873 3702 ..
895 3651 990 3702 ducenti
1004 3649 1187 3715 aequiternam,
1204 3653 1235 3701 R
1255 3691 1286 3701 -

168 3732 263 3779 carons,
276 3719 313 3769 R
327 3759 359 3769 ..
378 3727 401 3768 ct
414 3718 446 3780 in,
458 3720 483 3769 R
491 3721 509 3769 ².

201 3783 287 3843 §aaa
296 3784 429 3849 fluctuant,
440 3787 503 3836 ΒΑ.
512 3786 679 3850 fluctuantur,
692 3790 735 3838 ad.
745 3787 862 3851 fluitant,
873 3788 941 3838 Pint.
954 3788 987 3838 Κ.
1001 3828 1033 3837 -
1052 3781 1178 3847 Caecubis,
1191 3788 1240 3839 3².
1254 3827 1285 3838 .-

168 3859 190 3898 ct
200 3849 293 3912 codcnr5
304 3855 369 3903 haec
380 3861 439 3904 sunt
451 3862 576 3917 corrupta,
593 3869 651 3903 cum
663 3853 743 3904 eadem
754 3870 837 3919 nequa
849 3858 882 3905 ad
893 3873 954 3920 apro
965 3869 1048 3919 neque
1059 3856 1093 3904 ud
1106 3850 1216 3905 Caecubo
1227 3869 1286 3920 pos·

168 3917 201 3967 sit
211 3918 305 3969 referri.
323 3920 462 3985 scripserat
472 3921 572 3971 Plinius
587 3936 683 3970 nomen
694 3923 777 3986 quinti
788 3924 895 3974 alieuius
907 3925 961 3987 agri
977 3923 1068 3982 Italici,
1085 3922 1113 3971 iu
1125 3938 1176 3985 quo
1187 3923 1286 3978 inruho

167 3986 330 4037 fluctuabant.
349 3989 373 4038 n
384 3989 479 4038 habere
489 3989 588 4038 ridetur
599 3986 694 4047 condem
706 4006 722 4039 a
732 4005 810 4040 mauu
822 3993 940 4041 secunda.
950 4031 982 4040 -
1001 3987 1145 4052 Mutinensi,
1157 3993 1203 4042 ad.
1222 3989 1282 4045 Mn-

168 4053 248 4116 ticnsi,
259 4050 316 4116 Ββ.
340 4053 495 4116 Mutinensis,
507 4056 543 4105 Α.
564 4052 715 4118 Maltinerni,
727 4059 758 4108 Τ.
776 4097 808 4106 ..
827 4057 980 4121 Statoniami,
991 4059 1042 4109 R2.
1065 4056 1224 4122 Staacnensa
1235 4062 1284 4113 13¹.

168 4119 321 4184 Stationensi,
337 4123 392 4188 ᾼΤ
402 4115 469 4172 Ode
485 4119 571 4184 (codd.
587 4121 714 4187 Retron.)
743 4121 908 4187 Stadionansi‚
924 4143 947 4178 a
976 4123 1129 4192 Statinienai,
1145 4129 1234 4182 Dalee.
1252 4169 1284 4180 .-

174 4188 322 4253 Vadimonis,
333 4191 409 4243 Ana
435 4189 593 4254 Vadimonis,
604 4194 631 4243 R
641 4188 687 4254 (iis
699 4207 733 4244 ex
744 4190 823 4256 corr.)
834 4195 864 4245 Τ.
890 4192 1049 4259 Vadimontis,
1061 4187 1091 4247 θ,
1104 4238 1135 4248 -
1148 4206 1177 4262 ct,
1188 4213 1239 4251 om.
1251 4198 1284 4250 R

168 4299 199 4309 ..
219 4256 342 4323 Curtilius,
358 4261 383 4312 R
394 4255 544 4322 (reundum
558 4260 611 4313 lex
623 4259 698 4323 corr.)
