2888 4794
368 304 438 356 ms.
455 308 503 356 vr.
532 305 610 356 aar.
625 306 713 359 xxa.
728 304 830 355 xxm.
851 305 957 362 ,saon
974 307 1005 350 a.
1020 307 1052 350 a.
1208 287 1270 351 435

148 479 260 547 regem
281 479 301 523 a
319 456 439 543 populo
461 465 590 522 senecta
611 456 852 541 clementiaque,
873 454 992 521 liberos
1010 476 1075 519 non
1088 449 1270 533 habentem,

150 570 184 625 et
205 559 233 623 si
253 567 367 644 postea
387 558 516 645 gignat,
539 556 699 637 abdicari,
727 579 768 622 ne
794 556 850 622 fiat
875 554 1104 621 hereditarium
1124 576 1271 642 regnum.

149 660 303 726 Rectores
331 659 360 724 ei
388 682 408 724 a
433 658 553 757 populo
574 679 662 722 xxx·
676 657 746 722 dari
774 679 835 723 nec
863 656 926 722 nisi
951 656 1094 742 plurium
1116 654 1319 722 sententiaro
1405 664 1411 671 '

149 783 344 846 quemquam
365 759 479 845 capitis
506 758 651 824 damnari
658 785 668 837 3
697 758 743 825 sic
772 780 900 844 quoque
928 752 1175 845 appellationem
1202 779 1274 824 esse

149 863 192 927 ad
213 863 385 949 populum,
407 883 476 926 axx
495 855 619 926 iudices
642 859 731 938 dari;
754 860 782 926 si
803 861 940 926 liberent
960 860 984 924 ii
992 883 1097 926 *reum
1103 907 1113 938 ,
1136 859 1274 945 amplius

117 1026 121 1031 .
149 973 223 1028 xxx
243 964 283 1028 iis
304 962 424 1027 nullam
447 983 517 1027 csse
539 961 773 1050 dignationem,
801 960 992 1057 gravissimo
1017 960 1146 1047 probro.
1188 954 1274 1048 Regi

151 1063 273 1132 cultum
292 1062 406 1129 Liberi
426 1061 548 1142 Patris,
572 1062 687 1128 ceteris
708 1062 866 1128 Arabum.
909 1061 1044 1150 Regem,
1067 1062 1095 1127 si
1116 1061 1195 1146 quid
1216 1061 1274 1127 de·
1288 1083 1318 1128 91

149 1164 290 1250 linquat,
312 1174 414 1229 morte
435 1164 563 1231 multari
571 1206 592 1243 ,κ
604 1163 691 1231 nullo
711 1163 926 1244 interimente,
950 1164 1173 1230 aversantibus
1194 1186 1275 1230 cun-

151 1268 213 1332 ctis
236 1277 269 1333 et
290 1267 469 1334 conmercia
497 1266 593 1331 etiam
622 1261 777 1330 sermonis
788 1265 1002 1352 ’negantibus
1047 1265 1148 1334 Festa
1174 1288 1275 1332 vena·

151 1368 237 1435 tione
258 1370 399 1454 apsumi,
429 1367 646 1456 gratissimam
672 1390 754 1456 cam„
773 1367 910 1454 tigribus
932 1366 1177 1454 elephantisque
1198 1389 1275 1434 oon·

88 1483 91 1488 '
132 1459 248 1536 stare.
290 1471 399 1556 Agros
421 1470 593 1559 dilig'enter
621 1469 703 1549 ccli,
734 1469 810 1545 vitis
838 1456 1025 1535 usum’non
1054 1492 1142 1549 esse,
1171 1470 1276 1556 pomis

150 1571 323 1638 abundare.
344 1571 427 1637 Esse
443 1582 476 1636 et
487 1572 522 1636 in
536 1571 665 1657 piscatu
678 1571 886 1654 voluptatem,
903 1557 1101 1637 testudinum
1114 1591 1275 1647 maxume,

67 1748 69 1760 Ι
150 1691 286 1757 quarum
312 1672 481 1756 superdicis
502 1669 640 1735 familias
660 1666 874 1733 habitantium
896 1668 1040 1755 contegi;
1072 1679 1161 1735 tanta
1180 1692 1276 1756 repe-

149 1775 206 1839 riri
232 1771 465 1859 magnitudine.
497 1769 611 1835 Vitam
637 1768 803 1835 hominum
828 1790 847 1835 a
873 1769 965 1835 annis
985 1770 1154 1837 modicam.
1183 1770 1277 1837 Haec

151 1883 305 1958 conperta
326 1872 366 1938 de
389 1871 593 1958 Taprobane.

193 1975 245 2039 25.
269 1972 432 2054 Quattuor
453 1973 610 2058 satrapiae
631 1992 713 2056 quas
734 1969 768 2036 in
788 1969 875 2039 hunc
894 1971 1003 2039 locum
1024 1971 1207 2043 distulimus
1231 1972 1279 2039 ita
1291 1992 1323 2036 aa

151 2098 186 2141 se
207 2075 337 2140 habent.
365 2062 370 2073 ’
1010 2083 1016 2097 ’

192 2173 328 2241 XXIII.
362 2175 397 2239 A
432 2174 598 2261 proxumis
626 2173 709 2238 Indo
737 2173 890 2261 gentibus
922 2184 1084 2239 montana.
1117 2173 1277 2260 Capisene

125 2276 263 2345 habuit
286 2273 438 2362 Capisam
458 2274 587 2355 urbem,
610 2298 707 2360 quam
728 2275 829 2340 diruit
851 2272 969 2360 Cyrus
1001 2276 1183 2343 Arachosia
1203 2297 1277 2342 cum

149 2377 279 2445 flumine
310 2390 342 2445 et
370 2379 490 2466 oppido
518 2377 662 2460 eiusdem
690 2377 843 2454 nominis,
871 2378 958 2462 quod
987 2375 1119 2463 quidam
1141 2375 1278 2465 Cophen

150 2479 277 2559 dixere,
306 2502 326 2544 a
352 2478 564 2546 Seniiramide
588 2466 767 2544 'conditum
801 2476 919 2543 Amnis
940 2477 1158 2563 Erymanthus
1180 2501 1275 2569 prae·

149 2578 472 2646 fluens‘Parabesten
493 2578 754 2644 Arachosiorum.
774 2570 958 2662 Proxumcs
978 2578 1018 2662 iis
1039 2602 1060 2643 a
1079 2572 1214 2667 meridie
1234 2581 1277 2645 ad

149 2692 275 2771 partem
290 2678 545 2753 ,Arachotarum
578 2679 701 2742 faciunt
726 2677 975 2765 Dexendrusos,
1009 2699 1029 2741 a
1049 2664 1275 2763 septentrione

149 2779 425 2864 Paropanisadas3
451 2775 594 2842 Cartana
614 2776 853 2873 oppidumsub
877 2773 1034 2854 Caucaso,
1056 2777 1145 2862 quod
1163 2789 1276 2864 postea
1307 2808 1312 2817 .

151 2878 344 2965 Tetragonis
367 2878 497 2944 dictum.
519 2877 614 2943 Haec
634 2877 724 2966 regio
747 2886 796 2942 est
814 2898 856 2942 ex
869 2876 1005 2943 adverso
1018 2864 1274 2958 Bactrianorum,

151 3057 206 3106 Rd.
224 3051 270 3104 sed
285 3049 466 3112 averaaatrbur,
482 3050 516 3100 K
535 3089 567 3099 ..
589 3063 650 3109 cam,
668 3047 734 3098 Rob.
761 3063 821 3110 eam,
833 3051 889 3101 Rd.
908 3090 940 3100 ...
964 3049 1108 3115 elephantus
1125 3070 1181 3117 qao,
1197 3057 1222 3106 (1.
1241 3090 1274 3105 .-

151 3122 299 3182 volaatatem‚
312 3123 336 3170 (1.
355 3161 388 3169 ..
412 3118 481 3178 Vita,
492 3120 524 3168 R.
543 3157 575 3166 ..
593 3113 703 3177 dominia,
716 3116 748 3166 T.

185 3188 200 3249 §
214 3195 254 3239 92.
273 3187 398 3247 Indorum,
411 3187 463 3236 Ta.
477 3225 510 3234 ..
526 3181 651 3247 Capisene,
662 3187 687 3235 R
698 3179 785 3246 (codd.
797 3183 906 3237 Salmas.
919 3201 1000 3236 exerc.
1013 3203 1037 3251 p.
1051 3191 1110 3240 827.
1122 3205 1145 3241 a.
1157 3187 1206 3253 A.)
1225 3187 1273 3241 Ga-

148 3256 255 3322 pissene,
268 3250 336 3320 θτγ.
355 3253 448 3323 cepisse
459 3267 510 3314 nec,
522 3251 546 3300 d.
574 3247 730 3326 Capricornus,
741 3246 770 3312 β.
790 3293 822 3302 ..
839 3252 931 3313 habuit,
943 3247 1067 3306 aaran
1088 3255 1186 3318 habeat,
1197 3253 1227 3321 β.
1240 3298 1273 3309 ...

155 3323 278 3389 Capisam,
295 3326 368 3374 codd·
386 3322 494 3372 Salmas.
526 3315 681 3382 Glaphaam,
697 3320 730 3368 11
762 3317 899 3383 Capbmam,
915 3323 940 3369 (1.
970 3321 1108 3386 Gapbram,
1127 3317 1220 3390 θτβν.
1240 3362 1272 3376 ,-

144 3393 248 3456 flamine
260 3401 283 3442 et
298 3389 393 3456 oppido,
411 3381 508 3439 adar.
522 3383 628 3451 flamina
645 3394 669 3434 ct
682 3383 804 3449 oppidum,
820 3382 851 3435 Τ.
865 3383 972 3450 flamina
983 3390 1070 3452 oppido
1082 3399 1113 3450 et,
1130 3392 1272 3444 0011811-

151 3471 214 3509 mas.
226 3473 309 3508 exarc.
321 3474 345 3520 p.
359 3462 417 3506 493.
429 3457 454 3504 b.
466 3455 501 3504 D.
510 3454 605 3522 flamen
617 3459 641 3530 et
652 3451 772 3517 oppidum,
784 3454 808 3502 d.
826 3449 1031 3518 oppidofiamr'aa
1042 3446 1072 3516 β.
1082 3455 1180 3521 ¹oppido
1191 3459 1272 3522 afla-

151 3524 224 3639 Irpiae,
236 3538 320 3639 γὲα..ι
332 3515 875 3640 ΟορέεηὶζΒᾶεπὴατῈθῖιηὲἒῗὸᾞᾱὲοορᾱ.
887 3518 1011 3641 {umidi
1029 3521 1149 3640 {aim
1161 3522 1272 3643 Pbgglgg,

178 3625 230 3638 ...
287 3604 421 3648 mrramre,
480 3623 531 3638 ...
626 3605 643 3637 a
687 3604 761 3638 aa.
875 3603 939 3638 aaa
1013 3607 1096 3640 .rm
1147 3608 1178 3640 ar
1265 3626 1271 3641 .

152 3655 261 3711 Salmas,
274 3668 357 3705 exerc.
369 3670 394 3718 p.
407 3660 465 3708 827.
478 3672 501 3706 a.
512 3656 546 3704 D.
563 3602 760 3719 Alamadua’d.
777 3602 947 3718 limatas:
958 3650 988 3718 β.
1007 3694 1039 3706 .„
1054 3627 1189 3722 polluens:
1201 3661 1226 3710 (1.
1239 3698 1272 3709 ..

151 3720 308 3784 Parabesten,
320 3725 392 3773 codd.
405 3723 513 3775 Salmas.
524 3739 550 3787 p.
564 3729 621 3774 ms.
633 3739 657 3773 a.
669 3723 704 3773 A.
721 3722 905 3785 Paratouron,
917 3724 948 3776 R»
999 3722 1119 3786 rambert,
1129 3726 1160 3776 Τ.
1175 3738 1273 3792 paratu

152 3790 296 3851 baataad
312 3806 360 3854 per
371 3789 483 3852 Abertar,
493 3786 523 3852 β.
536 3831 568 3840 ,.
584 3787 783 3851 Arachosiorum,
795 3792 899 3842 Barbar.
916 3791 955 3841 Ar
1003 3801 1115 3855 ortorum,
1127 3794 1159 3842 R.
1178 3792 1271 3844 Ardea·

151 3860 287 3974 aar
305 3856 469 3987 aar
484 3858 529 3918 '¹⁵⁸‘
541 3851 915 3977 arctarat·
931 3856 1206 3978 aarum
1222 3860 1271 3913 r·

227 3936 253 3974 r·
403 3961 409 3974 .
470 3961 476 3974 .
495 3964 528 3973 ..
652 3942 664 3974 a
746 3941 759 3974 c
857 3961 913 3977 ...

151 3960 316 4054 scripsimnh'
329 3938 553 4058 Paldpandstadas,
565 3992 608 4042 la
621 3940 700 4055 Il'par
714 3940 850 4055 Μαηῖιῖἔάαε,
862 3992 915 4043 Τᾱ.
936 3942 1157 4061 Plzrrhppliliddadar’,
1169 3940 1271 4061 ss7.n.o.l
1290 3989 1295 3998 ¹

154 4057 313 4124 Tetrogonis,
328 4061 396 4111 Pint.
408 4061 462 4111 Rd.
485 4057 637 4125 Tearopoar's,
653 4052 681 4108 θ.
700 4009 855 4125 {campania
866 4061 899 4111 Κ.
918 4098 951 4112 ...
968 4077 1000 4112 er
1011 4061 1133 4125 adama,-
1148 4061 1272 4115 Bactriae
1329 4060 1336 4067 ’

151 4141 234 4177 aarum
254 4125 348 4188 deinde,
367 4126 449 4187 caius,
464 4126 543 4177 Hard.
560 4140 585 4190 γ.
611 4127 731 4177 Nostram
745 4127 974 4193 interpunctionem
993 4143 1042 4182 asu
1060 4132 1182 4195 loquendi
1196 4133 1272 4183 unice

151 4197 354 4245 commendatam
364 4197 456 4245 retinet
466 4189 494 4255 β.
507 4192 675 4254 exadversum,
687 4196 760 4244 codd.
769 4194 876 4245 Salmas.
888 4211 913 4260 p·
923 4200 989 4259 827,
1000 4201 1067 4248 uude
1077 4202 1203 4263 quasdam
1215 4214 1271 4250 ma·

151 4269 195 4309 tat.
211 4259 413 4326 Bactrianorum,
425 4260 511 4317 derhde
523 4263 583 4324 eiua,
594 4263 644 4311 Kr.
1047 4329 1066 4365 1
