2888 4794
436 297 506 343 ans.
524 297 560 343 11.
591 297 669 343 cnr.
686 298 719 344 r.
738 298 786 343 nr.
818 296 915 344 sacr.
932 301 950 343 r.
965 300 984 340 a
1205 285 1264 346 117

149 449 242 514 simul
264 447 320 512 fiat
341 471 361 511 a
382 447 512 524 vertice,
535 449 612 512 item
634 450 709 533 quia
725 450 810 514 circa
826 449 1023 515 solstitialem
1038 450 1193 516 circulum
1206 452 1265 516 ha-

146 549 319 616 bitantium
350 550 482 614 meridie
515 551 558 614 ad
592 544 841 634 septentrionem
867 551 1001 616 umbrae
1029 553 1159 632 cadant,
1194 565 1267 618 ortu

147 675 223 717 vero
245 651 287 715 ad
309 674 468 729 occmrnn,
496 675 578 737 quae
600 652 669 716 fieri
690 653 778 716 nullo
799 652 894 717 modo
916 663 1056 738 possent,
1083 654 1145 718 nisi
1166 656 1267 721 multo

148 776 245 837 quam
272 763 356 816 terra
382 752 483 817 maior
511 762 607 832 esset,
635 775 695 816 nec
725 753 811 836 quod
839 765 980 817 montem
1000 753 1093 818 Idam
1120 755 1267 819 exoriens

147 853 317 919 latitudine
333 866 515 938 exsuperet,
539 853 653 917 dextra
667 855 822 936 laevaque
837 854 928 940 large
944 856 1151 937 amplectens,
1172 878 1266 940 prae-

148 955 257 1020 sertim
281 965 367 1019 tanto
389 955 550 1019 discretus
571 954 747 1019 intervalla.
775 952 933 1018 Defectus
955 955 1049 1020 lunae
1071 956 1267 1041 magnitudi-
1282 977 1311 1021 51

147 1078 221 1121 nem
243 1056 312 1121 eius
333 1057 412 1121 haut
434 1055 532 1121 dubia
546 1055 669 1121 ratione
684 1056 834 1134 declarat,
857 1055 940 1120 sicut
961 1065 1062 1119 terrae
1077 1058 1268 1140 parvitatem

148 1159 218 1243 ipse
251 1157 412 1223 deficiens.
448 1156 596 1240 Namque
626 1181 699 1222 cum
731 1156 795 1220 sint
830 1166 894 1220 tres
926 1157 1112 1222 umbrarum
1145 1158 1268 1246 figurae

149 1269 348 1342 constetque,
377 1259 405 1323 si
431 1266 495 1343 par
517 1258 629 1325 lumini
657 1258 700 1322 sit
724 1257 858 1322 materia
886 1281 969 1342 quae
990 1258 1089 1322 iactat
1109 1260 1266 1339 umbram,

63 1377 69 1389 “
148 1362 313 1426 columnae
336 1359 443 1446 effigie
464 1359 526 1424 iaci
547 1383 607 1424 nec
628 1358 745 1425 habere
766 1360 873 1436 finem,
897 1359 929 1423 si'
945 1381 1022 1424 vero
1043 1359 1144 1424 maior
1164 1372 1268 1426 mate·

148 1460 197 1524 ria
218 1484 315 1545 quam
335 1462 454 1538 lumen,
484 1460 618 1527 turbinis
639 1462 729 1539 recti,
755 1472 793 1526 ut
820 1461 863 1525 sit
889 1461 989 1524 imum
1014 1461 1084 1525 eius
1105 1463 1268 1550 angustis-

151 1563 266 1627 simum
294 1574 327 1628 et
353 1562 448 1629 simili
472 1563 568 1627 modo
594 1562 719 1626 infinita
744 1562 920 1651 longitude,
952 1563 978 1626 si
1006 1562 1110 1627 minor
1136 1565 1269 1629 materia
1364 1565 1368 1577 '

151 1686 248 1748 quam
276 1665 342 1742 lux,
370 1674 476 1728 metae
503 1664 656 1728 exsistere
679 1663 821 1751 effigiem
842 1663 876 1726 in
898 1664 1071 1729 cacuminis
1092 1665 1189 1730 finem
1211 1666 1268 1730 de-

152 1766 307 1830 sinentem
329 1766 489 1849 talemque
512 1765 599 1828 cerni
620 1764 766 1828 umbram
789 1763 956 1828 deficiente
977 1765 1054 1830 luna
1060 1789 1069 1840 3
1092 1766 1200 1849 palam
1221 1767 1268 1845 fit,
1283 1786 1315 1832 aa

149 1867 292 1931 utnulla
313 1867 450 1953 amplius
471 1866 670 1949 relinquatur
698 1864 865 1941 dubitatio,
897 1865 1042 1949 superari
1071 1868 1268 1951 magnitudi-

150 1991 224 2033 nem
246 1979 359 2046 terrae,
383 1969 417 2032 id
439 1967 570 2052 quidem
592 1977 624 2032 et
647 1966 750 2031 tacitis
772 1965 874 2049 ipsius
894 1976 1026 2031 naturae
1041 1966 1176 2031 indiciis.
1201 1968 1269 2032 Cur

110 2093 117 2099 ·
151 2069 236 2135 enim
250 2071 376 2157 partitis
391 2070 516 2136 vicibus
531 2069 605 2133 anni
620 2068 774 2135 brumalis
789 2068 933 2133 abscedit
952 2079 1009 2132 aut
1028 2069 1170 2133 noctium
1191 2093 1269 2157 opa-

150 2172 246 2237 citate
265 2183 366 2237 terras
387 2171 500 2250 reficit,
525 2182 697 2236 exusturus
719 2172 798 2235 haut
819 2171 916 2236 dubie
939 2182 972 2235 et
993 2171 1040 2238 sic
1062 2194 1189 2258 quoque
1212 2196 1269 2238 ex-

149 2296 246 2338 urens
268 2274 408 2357 quadam
429 2273 463 2338 in
484 2275 597 2360 parte?
621 2283 709 2337 tanta
731 2272 919 2359 magnitudo
942 2283 1000 2338 est.

150 2449 234 2497 animo
251 2449 326 2497 simul
341 2456 469 2512 petuntur,
487 2452 531 2499 sed
546 2450 601 2498 solo
619 2463 652 2497 ex
667 2448 762 2508 anime,
780 2451 846 2497 unde
863 2451 939 2499 verba
955 2451 1090 2512 dequibus
1107 2452 1206 2512 agimus
1219 2466 1271 2500 non

150 2530 181 2564 eo
194 2517 259 2576 loco,
271 2517 315 2565 ubi
326 2518 403 2580 vulgo
415 2519 542 2580 leguntur,
554 2520 598 2566 sed
609 2517 687 2580 paulo
700 2515 814 2578 superius
826 2532 892 2580 pone
905 2516 965 2567 solie
976 2526 1043 2569 recte
1055 2519 1106 2580 legi
1117 2527 1196 2581 patet.
1219 2521 1271 2569 De·

150 2584 226 2645 nique
247 2585 382 2646 quaeritur,
403 2600 529 2647 quaenam
549 2587 599 2634 sint
619 2585 685 2634 tertii
706 2584 804 2646 generis
825 2592 975 2647 argumenta
990 2594 1090 2649 praeter
1102 2588 1234 2635 oculorum
1247 2594 1272 2638 et

150 2652 227 2700 animi
240 2653 416 2714 coniecturam,
429 2655 496 2701 unde
507 2654 647 2716 amplitudo
660 2653 720 2701 solis
733 2653 874 2713 computari
885 2653 977 2714 possin
990 2668 1020 2701 ca
1032 2655 1156 2702 tamenin
1167 2655 1273 2715 vulgata

149 2718 257 2768 lectione
273 2721 441 2781 requiruntur.
463 2720 598 2770 Deiectum
616 2728 682 2769 certe
701 2720 777 2769 lunae
794 2719 808 2780 §
822 2724 861 2767 51.
875 2727 1098 2768 commemoratum
1119 2736 1173 2768 esse
1185 2723 1272 2770 oculo-

149 2802 206 2836 rum
217 2796 394 2850 argumentum
405 2802 480 2836 nemo
492 2789 602 2850 negabit.

184 2856 251 2917 §bb
270 2854 418 2916 immensum,
429 2858 476 2905 Rd
493 2852 577 2916 (codd.
595 2851 716 2916 Gelenii.)
734 2853 883 2914 immensam,
895 2854 937 2903 Pa
949 2851 1080 2916 (Robert.)
1100 2896 1132 2903 -
1151 2855 1216 2920 quio,
1228 2857 1274 2906 Pa

151 2918 235 2983 (codd.
249 2920 369 2985 Gelenii.)
388 2924 438 2986 qui,
449 2924 502 2973 Rd.
522 2963 553 2971 -
573 2923 695 2986 quotlibet,
708 2923 751 2971 ad.
771 2920 898 2985 quodlibet,
911 2923 941 2971 T.
961 2919 1077 2985 quolibet,
1088 2925 1114 2972 R
1132 2920 1177 2984 (ex
1196 2921 1272 2985 corr.)

151 2987 278 3053 quaelibet,
290 2992 320 3040 P.
340 3031 371 3038 ..
390 2989 467 3050 milia,
479 2991 530 3040 Pa.
549 2990 617 3040 milia
627 3028 633 3040 .
643 3027 649 3040 .
660 3027 674 3050 .,
687 2991 719 3039 R.
738 2987 872 3048 miliarum,
884 2991 908 3039 d.
928 2989 1041 3050 milliare,
1054 2992 1084 3040 Τ.
1104 3031 1136 3039 -
1155 2993 1272 3051 umbram,

149 3058 179 3106 P.
198 3098 230 3106 -
249 3057 336 3119 iaciat,
348 3059 419 3108 PdR
431 3055 486 3119 (hic
498 3073 531 3106 ex
543 3055 620 3119 corr.)
637 3057 736 3116 iaciant,
749 3075 772 3106 a.
792 3097 823 3105 -
842 3055 940 3119 medius,
957 3060 1031 3107 Rad.
1050 3057 1156 3121 mediae,
1174 3060 1220 3108 Pr.
1241 3101 1272 3108 -

150 3124 244 3186 similia,
260 3127 290 3175 P.
315 3167 346 3174 -
369 3124 446 3186 circa,
462 3127 492 3175 P.
514 3127 541 3174 A
556 3142 634 3175 manu
650 3128 761 3176 secunda
777 3126 873 3174 addunt
889 3126 964 3174 aad.
987 3127 1056 3188 ciac,
1074 3143 1094 3176 r.
1115 3169 1145 3175 -
1163 3124 1272 3188 meridie,

151 3193 221 3241 addit
232 3193 311 3242 altera
322 3209 413 3242 manus
425 3194 449 3242 d.
469 3232 501 3242 ..
516 3203 606 3258 posset,
618 3195 647 3244 P.
669 3235 700 3242 ..
718 3193 795 3253 multo,
807 3193 882 3242 Rad.
900 3193 946 3254 md,
958 3194 987 3242 P.
1007 3193 1040 3243 al.
1058 3195 1138 3256 modo,
1155 3196 1223 3245 idem
1240 3197 1273 3245 ad

150 3275 280 3322 marg.-
299 3277 341 3310 nee
357 3275 405 3311 uon
423 3261 488 3324 quod
503 3270 599 3320 montes,
616 3276 635 3309 r.
660 3302 690 3309 .-
715 3261 784 3321 idem,
800 3261 847 3309 Pr.
868 3300 898 3308 -
917 3260 1007 3321 oriens,
1020 3263 1051 3312 R.
1071 3303 1101 3310 ..
1121 3263 1271 3327 cuperat,P.

151 3337 277 3391 exuperat,
289 3345 309 3377 r.

185 3397 199 3457 ξ
213 3401 252 3444 51.
271 3396 332 3459 apae,
345 3395 438 3445 Sabell.
452 3404 477 3445 et
488 3397 591 3446 Barbar.
603 3397 671 3445 Rd².
691 3396 754 3458 ipsa,
766 3389 859 3453 Parti.
874 3393 932 3443 Om.
945 3396 986 3442 (1¹.
1004 3436 1037 3442 -
1056 3396 1183 3458 deficiens,
1200 3398 1272 3448 Pad.

202 3487 224 3513 m

151 3528 253 3591 defiens,
265 3529 297 3577 R.
316 3527 439 3591 definiens,
452 3531 482 3579 Τ.
496 3571 527 3578 ..
542 3547 605 3592 quae
616 3529 698 3591 iactat,
710 3531 760 3579 Pd.
781 3528 866 3596 iacta,
878 3533 922 3583 R'.
942 3530 1103 3596 quaesact'at,
1115 3532 1161 3579 Ra
1187 3529 1273 3592 iactat,

150 3598 186 3646 a¹.
205 3595 281 3645 iactat
294 3612 365 3659 quae,
378 3600 413 3646 ab
432 3599 537 3659 iactans,
551 3593 579 3647 θ.
592 3600 741 3661 Legendum
753 3606 791 3648 est
803 3601 893 3650 iaciens
911 3616 924 3648 e
936 3597 1047 3660 vestigiis
1064 3598 1096 3646 R.
1116 3639 1148 3646 -
1166 3601 1273 3659 umbrae,

150 3666 175 3714 R
185 3665 238 3714 ¹a¹.
258 3704 289 3713 ..
309 3665 420 3728 effipiam,
436 3668 466 3717 P.
486 3708 517 3715 -
535 3667 595 3727 sive,
612 3669 635 3715 d.
655 3697 686 3715 =-
706 3667 775 3728 recti,
794 3676 852 3717 ante
868 3669 936 3717 hanc
950 3681 1039 3717 vocem
1055 3681 1134 3729 parva
1148 3681 1236 3714 rasura
1247 3666 1274 3714 in

150 3734 174 3780 d.
196 3773 227 3781 -
245 3733 274 3794 si,
292 3734 329 3782 d¹.
353 3743 380 3782 ut
399 3733 442 3796 sit,
460 3736 484 3784 R
500 3736 527 3784 in
544 3751 637 3785 rasura.
662 3777 693 3783 -
718 3752 799 3797 unum,
817 3738 846 3786 P.
872 3778 903 3784 -
919 3737 981 3799 fine,
998 3735 1027 3784 P.
1048 3774 1079 3781 ..
1098 3733 1222 3796 deficienti,
1240 3734 1272 3782 R.

185 3802 252 3863 §52
273 3810 305 3861 ut,
325 3802 375 3850 Pa.
402 3813 453 3863 aut,
473 3804 505 3852 R.
533 3801 600 3864 baut,
621 3805 686 3853 Tot
709 3803 766 3854 Om.
784 3807 821 3854 dl.
842 3846 872 3852 -
892 3803 966 3864 nulla,
984 3803 1056 3852 Pad.
1080 3798 1141 3859 ulla,
1157 3801 1221 3849 ΒΤ.
1241 3841 1272 3850 .-

152 3869 312 3932 reliuquatur,
326 3885 347 3917 a.
366 3869 523 3931 relinquitur,
535 3873 587 3921 Rd.
601 3871 705 3934 reliqua,
719 3888 741 3920 a.
762 3913 792 3920 ,
811 3868 996 3934 maynitudiuem
1007 3879 1097 3928 terroe,
1110 3869 1164 3917 Τὰ.
1178 3869 1273 3930 mapai.

152 3934 232 3986 tudine
258 3944 349 3995 terrae,
366 3937 399 3985 R.
430 3936 597 4002 aspritudine
625 3947 722 3999 terram,
739 3935 838 4003 Passr.
863 3979 894 3987 ..
917 3938 951 3996 id,
969 3938 1062 3987 R²Pd
1087 3934 1132 3996 lic,
1146 3952 1184 3985 ar.
1203 3933 1273 3998 laec,

151 4003 200 4052 Rt
221 4044 253 4052 -
272 4001 353 4066 ipsius
366 4013 469 4053 namrae
485 4002 591 4065 iudiciis,
603 4007 633 4053 P.
658 4015 762 4055 caturae
781 4006 860 4070 ipsius
877 4005 981 4066 iudiciis,
995 4007 1039 4053 ad.
1058 4012 1162 4052 naturae
1174 4003 1273 4053 iudiciis

151 4070 239 4135 ipeiua,
252 4071 283 4120 lt.
296 4070 359 4120 Vox
372 4071 451 4134 ipsius
462 4072 570 4121 librariis
583 4073 666 4121 deberi
678 4074 783 4122 videtur.
799 4114 830 4121 ..
843 4071 952 4132 uocibus,
964 4074 1009 4122 R¹.
1023 4113 1054 4120 ..
1068 4073 1154 4121 bruma
1166 4072 1196 4133 is,
1208 4089 1227 4122 r.
1242 4114 1272 4122 ..

152 4137 280 4199 abscindit,
293 4139 338 4187 R¹.
358 4179 388 4188 ,
408 4147 458 4199 aut,
470 4139 574 4190 RTad.
594 4140 635 4200 ad,
647 4141 676 4190 P.
696 4149 728 4198 ut,
740 4136 790 4205 βγ.
811 4181 841 4188 -
860 4139 986 4204 opacitate,
998 4134 1172 4190 RTOPadr.
1197 4159 1273 4206 capa-

152 4206 229 4267 citate,
241 4201 270 4268 β.
290 4247 320 4255 -
340 4207 423 4270 reficit,
435 4208 535 4257 RTad.
554 4209 638 4272 efficit,
650 4209 679 4257 P.
698 4208 798 4272 reficiat,
810 4203 860 4272 βγ.
880 4248 910 4256 ..
930 4209 1057 4269 exueturie,
1069 4210 1114 4259 R'.
1133 4217 1273 4270 curaturos,

151 4273 190 4322 P.·
201 4314 232 4324 -
252 4282 305 4335 aut,
317 4275 362 4327 R¹.
381 4316 412 4325 ..
432 4283 474 4337 est,
487 4289 538 4326 orn.
551 4277 581 4326 P.
600 4277 658 4338 citu,
670 4278 758 4327 Dulce.
