2888 4794
482 277 553 324 nm.
570 279 606 325 11.
636 279 714 324 car.
730 280 814 325 nav.
844 279 942 327 saer:
957 282 988 325 cs.
1238 267 1297 329 167

181 445 214 498 et
242 431 462 517 dependentes
489 429 609 513 ubique
636 443 748 518 guttae
776 432 883 516 parvis
909 430 1080 517 globantur
1107 432 1238 500 orbibus
1267 448 1298 499 et

180 533 303 619 pulveri
330 533 446 597 inlatae
473 532 700 615 frondiumque
726 532 870 620 lanugini
897 532 1054 618 inpositae
1076 536 1223 619 apsoluta
1244 558 1296 600 ro-

181 636 337 701 tunditate
366 644 556 712 cernuntur,
588 644 621 697 et
645 634 678 697 in
706 634 828 717 poculis
855 632 987 719 repletis
1015 634 1121 714 media
1148 659 1297 702 maxume

181 748 312 813 tument,
336 758 419 819 quae
440 746 573 820 propter
595 734 802 820 suptilitatem
824 734 944 799 umoris
966 734 1194 822 mollitiamque
1213 738 1297 803 inse

178 839 373 904 residentem
386 838 508 902 ratione
524 837 650 901 facilius
665 859 763 921 quam
782 837 853 901 visu
872 837 1164 921 deprehenduntur.
1194 838 1296 923 quue

98 936 103 944 ’
179 942 275 1005 etiam
297 939 403 1024 magis
425 939 552 1016 mirum,
575 938 608 1002 in
622 939 746 1023 poculis
760 939 893 1024 repletis
907 938 1018 1004 addito
1031 962 1142 1005 umore
1156 941 1298 1006 minume

178 1040 397 1106 circumfluere
421 1039 508 1124 quod
530 1039 681 1124 supersit,
704 1053 815 1106 contra
837 1040 965 1108 evenire
986 1041 1183 1126 ponderibus
1205 1043 1296 1107 addi-

178 1144 220 1206 tis
248 1144 291 1206 ad
317 1143 448 1208 vicenos
478 1164 573 1227 saepe
601 1142 766 1219 denarios,
803 1143 924 1208 scilicet
952 1143 1027 1227 quia
1055 1143 1141 1211 intus
1167 1156 1298 1230 recepta

177 1246 333 1327 liquorem
362 1245 396 1309 in
423 1245 577 1310 verticem
602 1245 764 1323 attollant,
795 1255 830 1309 at
856 1246 984 1310 cumulo
1013 1246 1163 1310 eminenti
1191 1246 1297 1311 infuse

178 1346 367 1412 dilabantur.
397 1345 520 1411 Eadem
543 1359 592 1411 est
614 1369 721 1424 causa,
744 1358 994 1433 propterquam
1017 1370 1034 1413 e
1056 1347 1191 1412 mribus
1214 1359 1360 1412 terrama

177 1469 241 1512 non
263 1458 410 1513 cernatur
432 1470 450 1511 c
472 1447 602 1512 navium
624 1447 716 1513 malis
738 1449 927 1534 conspicua,
950 1472 989 1514 ae
1002 1451 1113 1534 procul
1127 1449 1297 1516 recedente

177 1550 325 1638 navigio,
355 1549 382 1613 si
409 1549 489 1632 quid
515 1549 602 1633 quod
629 1549 755 1637 fulgeat
780 1551 936 1638 religetur
959 1551 993 1614 in
1022 1551 1096 1615 mali
1120 1551 1295 1628 cacumine,

177 1651 331 1736 paulatim
352 1650 717 1729 descenderexvideatur
739 1661 771 1714 et
793 1662 954 1734 postremo
975 1653 1163 1717 occultetur.
1191 1651 1296 1715 Deni-

177 1773 240 1835 que
267 1773 421 1827 cceanus‚
456 1772 552 1833 quem
580 1750 719 1814 fatemur
747 1750 910 1829 ultimum,
938 1771 1083 1835 quanam·
1104 1752 1168 1816 alia
1192 1751 1296 1838 figura

177 1850 362 1917 cohaereret
390 1860 488 1934 atque
513 1873 577 1917 non
606 1849 770 1917 decideret
798 1853 884 1917 nullo
910 1853 996 1917 ultra
1022 1853 1165 1938 margine
1192 1852 1295 1916 inelu-

175 1952 295 2018 dente?
317 1952 356 2016 ld
370 1952 477 2036 ipsum
497 1951 746 2016 admiraculum
766 1952 861 2031 redit,
884 1975 1022 2038 quonam
1042 1953 1149 2031 modo,
1171 1953 1297 2019 etiamsi

176 2053 335 2140 globetur,
360 2061 539 2115 extremum
561 2073 624 2116 non
647 2051 774 2116 decidat
796 2075 893 2119 mare.
928 2052 1050 2119 Contra
1064 2055 1161 2137 quod,
1182 2066 1220 2119 ut
1234 2054 1298 2121 sint

175 2156 271 2240 plana
292 2154 410 2232 maria,
441 2164 474 2218 et
501 2173 564 2236 qua
585 2151 736 2218 videntur
756 2153 862 2241 figura
883 2176 946 2220 uon
967 2177 1063 2242 posse
1083 2156 1118 2220 id
1138 2156 1296 2235 accidere,

175 2279 293 2343 magno
320 2278 379 2321 suo
405 2255 524 2342 gaudio
545 2277 730 2342 magnaque
750 2256 852 2345 gloria
872 2258 1055 2324 inventores
1078 2255 1197 2324 Graeci
1219 2280 1296 2344 sup-

176 2358 289 2424 tilitate
309 2358 505 2446 geometrica
528 2357 653 2424 docent.
687 2357 836 2444 Namque
864 2382 937 2425 cum
962 2383 983 2425 e
1008 2360 1191 2426 sublimiin
1212 2361 1296 2425 infe-
1312 2378 1359 2422 let

176 2460 260 2524 riora
279 2480 382 2544 aquae
404 2459 550 2530 ferantur
572 2471 604 2524 ct
631 2461 674 2525 sit
694 2461 776 2526 hacc
795 2472 910 2526 natura
932 2485 1042 2527 earum
1063 2463 1216 2528 confessa
1237 2485 1297 2530 nee

176 2561 346 2644 quisquam
360 2561 488 2626 dubitet
501 2562 536 2625 in
549 2563 641 2626 litore
656 2563 733 2626 ullo·
744 2565 922 2628 accessisse
942 2587 1009 2642 eas,
1033 2587 1096 2648 quo
1110 2565 1296 2652 longissime

177 2662 341 2726 devexitas
363 2661 542 2745 passa-sit,
563 2662 677 2744 procul
698 2660 796 2726 dubio
818 2663 982 2746 adparere,
1006 2687 1070 2746 quo
1091 2665 1170 2748 quid
1191 2665 1296 2729 bumi-

175 2761 237 2826 lius
251 2762 318 2852 sit,
345 2761 479 2846 propius
504 2783 526 2823 a
553 2769 662 2824 centro
685 2780 758 2826 esse
778 2771 883 2825 terrae
904 2761 1073 2844 omnisque
1094 2764 1186 2828 linias
1213 2786 1297 2848 quae

176 2964 251 3026 bert.)
274 3003 300 3012 -
320 2974 435 3026 coactam,
452 2969 477 3016 Β
496 2963 536 3028 (in
556 2963 663 3028 rasura.)
684 3007 710 3014 -
732 2984 784 3028 ror,
805 2982 855 3016 om.
877 2969 981 3019 Robert.
1002 3010 1032 3018 -
1051 2966 1128 3029 aliud,
1149 2982 1200 3018 om.
1213 2968 1244 3018 Τ.
1265 3009 1296 3019 ...

177 3042 270 3092 rumare,
283 3036 313 3083 Β
331 3042 442 3094 amum,
453 3035 559 3084 Robert
579 3074 610 3083 ..
629 3035 780 3098 mordatius
791 3044 896 3099 aspectu,
908 3039 933 3086 d.
947 3076 978 3086 ..
991 3033 1112 3100 Namque,
1124 3039 1202 3089 ΒΨ.
1220 3033 1297 3100 Nam,

177 3101 239 3149 Ru
250 3101 285 3148 'd.
304 3139 336 3148 ..
354 3097 437 3161 inlate,
448 3103 480 3152 Β.
500 3142 531 3150 -
549 3101 665 3164 absalme,
678 3103 722 3152 R¹.
743 3142 774 3152 ..
792 3104 899 3153 maxime
914 3113 937 3154 et
951 3113 1034 3166 ument,
1050 3107 1082 3156 B.
1101 3145 1133 3156 ..
1151 3104 1297 3171 malitiaque,

175 3180 199 3214 σ.
219 3166 401 3231 molestumque,
415 3169 464 3218 ΒΤ.
477 3208 508 3218 -
527 3167 674 3231 residentem,
687 3173 733 3220 ad.
750 3167 881 3231 residente,
898 3172 982 3223 RST.
1006 3213 1037 3222 ..
1051 3174 1166 3236 feralior,
1191 3175 1236 3226 ΒΕ
1264 3213 1296 3224 ...

177 3234 280 3297 repletis,
293 3250 343 3284 om.
357 3236 388 3285 T.
407 3277 439 3286 .-
456 3238 573 3287 tumerem
585 3239 661 3298 immo,
673 3239 705 3288 R.
725 3278 756 3289 -
775 3238 897 3301 denarios,
909 3241 954 3290 Re
975 3281 1006 3290 ..
1024 3251 1126 3306 recepta,
1143 3245 1187 3295 R2.
1210 3252 1296 3308 recept,

175 3304 200 3350 R
210 3303 225 3350 ¹.
249 3312 373 3366 receptum,
389 3306 427 3353 ad
449 3301 489 3367 (iu
504 3302 611 3366 rasum)
633 3307 701 3356 Huic
717 3306 775 3355 voci
791 3306 862 3356 addit
876 3308 915 3357 12²
933 3323 1009 3372 saepe
1028 3310 1097 3359 male
1112 3312 1248 3373 repetitum
1264 3325 1297 3362 ex

176 3370 311 3431 superiore,
339 3410 371 3418 -
400 3369 527 3433 adtollere,
538 3375 570 3423 Β.
605 3411 630 3420 -
662 3375 752 3434 etad.
774 3373 816 3433 ud,
829 3375 860 3422 Β.
878 3392 917 3435 ee,
935 3376 967 3424 T.
987 3415 1018 3424 ..
1037 3376 1154 3438 eminenti,
1170 3380 1215 3427 13¹².
1239 3379 1294 3430 emi·

177 3434 399 3551 nRe'qteAE'adssr.
420 3478 451 3486 -
468 3439 670 3502 irrfma,'R²ud¹.
689 3438 846 3502 irtfura,R¹.
868 3441 946 3502 infra,
962 3441 1064 3492 '1¹de
1088 3483 1120 3492 ..
1142 3443 1295 3506 delaturae,

234 3506 279 3552 ad.

211 3567 299 3628 §lea
323 3579 364 3632 est,
380 3586 431 3621 om
447 3573 492 3623 R'.
517 3614 548 3622 -
572 3574 678 3636 verium,
694 3575 743 3624 ΒΚ
769 3615 800 3624 ..
822 3575 1054 3639 conspectusque
1073 3616 1104 3626 ..
1124 3577 1296 3638 recedentem

174 3637 324 3700 procedente,
339 3639 404 3690 lua
424 3641 584 3704 protendente,
599 3643 649 3691 R‘.
674 3681 706 3691 ..
730 3642 857 3708 refulgeat,
874 3643 906 3693 Τ.
925 3684 956 3692 ..
975 3643 1120 3706 inmersa,
1133 3659 1184 3694 om.
1196 3645 1245 3694 12¹.
1265 3684 1297 3694 ..

177 3702 321 3768 distendere,
338 3707 383 3756 R¹.
404 3748 438 3756 ..
463 3717 485 3756 et
497 3718 623 3773 postremo,
641 3723 691 3758 om.
709 3711 739 3760 T.
764 3750 796 3760 ..
819 3710 1076 3773 montemaltum.
1095 3711 1296 3774 exculteemtt.

176 3769 310 3834 maneus,
323 3775 358 3822 al
372 3774 428 3825 Om.
440 3775 471 3824 Τ.
491 3816 522 3825 ..
533 3776 652 3838 fetemus,
662 3779 707 3826 Rl.
727 3817 758 3826 ..
776 3794 892 3841 quartam,
904 3778 998 3829 Sabell.
1010 3781 1035 3829 Β
1046 3777 1086 3841 (in
1098 3775 1175 3840 corr.)
1184 3781 1230 3828 ad.
1248 3796 1297 3842 qun

176 3854 230 3897 nor,
249 3851 274 3887 σ.
293 3878 324 3886 -
341 3838 442 3902 coderet,
462 3843 510 3893 ΒΙ.
530 3881 561 3890 ..
580 3840 678 3902 diceret,
698 3846 734 3892 al.
754 3883 785 3893 -
803 3845 875 3907 ultre,
895 3847 974 3895 ΒΨ.
1000 3845 1196 3907 irtrc,R¹a¹d.
1215 3843 1299 3896 ..Id

178 3904 265 3965 ipsum,
286 3906 366 3955 ΒΤᾱ.
394 3904 413 3953 Ι
426 3923 478 3955 eunt
499 3908 532 3967 id,
553 3903 634 3971 ειῖβγ.
661 3908 755 3970 Ipsum,
773 3912 808 3959 a'.
827 3911 991 3975 Inidipsum,
1008 3905 1035 3960 θ.
1057 3951 1085 3960 ..
1106 3910 1297 3964 admiraculum

178 3970 249 4032 redit,
261 3973 346 4021 ltus.
365 3924 456 4021 nullior
467 3973 503 4022 ed
514 3974 654 4025 miraculum
665 3975 739 4037 redit,
750 3977 799 4026 1t2.
818 3974 874 4028 om.
887 3979 918 4028 Τ.
937 4019 968 4028 ..
983 3979 1066 4042 platta,
1078 3993 1129 4028 om.
1142 3982 1177 4029 a'.

211 4036 297 4098 §ltu
324 4054 344 4098 e,
365 4039 451 4087 R²ad.
478 4048 520 4100 eet,
540 4041 586 4090 Bk
607 4081 637 4091 ..
657 4042 784 4105 iuferiora,
806 4045 830 4094 Β
849 4041 880 4107 (a
900 4042 1028 4107 excom.)
1048 4047 1296 4099 „celleraturae

178 4121 263 4156 earum
282 4119 417 4164 censemur,
437 4120 457 4155 r.
477 4144 508 4155 ..
525 4107 574 4169 ille,
595 4111 612 4159 d
632 4106 656 4171 (i
676 4110 703 4160 in
722 4108 831 4173 rasura)
848 4113 873 4162 in
885 4111 943 4162 litus
959 4110 1035 4164 ullum
1047 4115 1179 4165 accersiam
1192 4130 1236 4166 eae
1249 4116 1298 4167 riri

85 4229 87 4232 ¹
179 4189 226 4236 quo
246 4170 393 4235 bacterium,
413 4172 445 4223 K.
465 4213 496 4222 ..
516 4190 528 4221 e
549 4191 605 4237 quo,
625 4179 670 4227 R¹.
689 4217 721 4228 .-
740 4177 889 4244 langurium,
911 4195 933 4229 a.
954 4221 984 4228 -
1004 4180 1140 4246 apparebit,
1156 4184 1201 4234 3².
1221 4224 1252 4234 ..
1270 4199 1295 4245 α,

179 4242 279 4291 RTad.
293 4240 380 4292 Omitt
392 4241 495 4292 Barbar.
507 4237 558 4305 βν.
