<?xml version="1.0" encoding="UTF-8"?>
<!DOCTYPE html PUBLIC "-//W3C//DTD XHTML 1.0 Transitional//EN"
    "http://www.w3.org/TR/xhtml1/DTD/xhtml1-transitional.dtd">
<html xmlns="http://www.w3.org/1999/xhtml" xml:lang="en" lang="en">
 <head>
  <title>
</title>
<meta http-equiv="Content-Type" content="text/html;charset=utf-8" />
  <meta name='ocr-system' content='tesseract 3.04.00' />
  <meta name='ocr-capabilities' content='ocr_page ocr_carea ocr_par ocr_line ocrx_word'/>
</head>
<body>
  <div class='ocr_page' id='page_1' title='image "./cplinisecundina08plingoog_0458.png"; bbox 0 0 2888 4794; ppageno 0'>
   <div class='ocr_carea' id='block_1_1' title="bbox 465 244 1276 310">
    <p class='ocr_par' dir='ltr' id='par_1_1' title="bbox 465 244 1276 310">
     <span class='ocr_line' id='line_1_1' title="bbox 465 244 1276 310; baseline 0 -2"><span class='ocrx_word' id='word_1_1' title='bbox 465 263 537 310; x_wconf 76' lang='lat' dir='ltr'><strong>um.</strong></span> <span class='ocrx_word' id='word_1_2' title='bbox 553 263 586 309; x_wconf 93' lang='lat' dir='ltr'><strong>v.</strong></span> <span class='ocrx_word' id='word_1_3' title='bbox 617 261 694 308; x_wconf 72' lang='lat' dir='ltr'><strong>our.</strong></span> <span class='ocrx_word' id='word_1_4' title='bbox 711 262 759 310; x_wconf 83' lang='lat' dir='ltr'><strong>rx.</strong></span> <span class='ocrx_word' id='word_1_5' title='bbox 776 262 810 309; x_wconf 89' lang='lat' dir='ltr'><strong>x.</strong></span> <span class='ocrx_word' id='word_1_6' title='bbox 843 260 941 309; x_wconf 86' lang='lat' dir='ltr'><strong>snor.</strong></span> <span class='ocrx_word' id='word_1_7' title='bbox 957 267 988 307; x_wconf 85' lang='lat' dir='ltr'><strong>u.</strong></span> <span class='ocrx_word' id='word_1_8' title='bbox 1214 244 1276 310; x_wconf 79' lang='lat'><strong>359</strong></span> 
     </span>
    </p>
   </div>
   <div class='ocr_carea' id='block_1_2' title="bbox 150 404 1292 909">
    <p class='ocr_par' dir='ltr' id='par_1_2' title="bbox 150 404 1292 909">
     <span class='ocr_line' id='line_1_2' title="bbox 150 404 1292 501; baseline -0.002 -22"><span class='ocrx_word' id='word_1_9' title='bbox 150 415 223 501; x_wconf 90' lang='lat' dir='ltr'><strong>pico</strong></span> <span class='ocrx_word' id='word_1_10' title='bbox 244 435 293 476; x_wconf 87' lang='lat' dir='ltr'><strong>xu</strong></span> <span class='ocrx_word' id='word_1_11' title='bbox 314 434 339 476; x_wconf 83' lang='lat' dir='ltr'><strong>u</strong></span> <span class='ocrx_word' id='word_1_12' title='bbox 359 435 392 500; x_wconf 88' lang='lat' dir='ltr'><strong>p.</strong></span> <span class='ocrx_word' id='word_1_13' title='bbox 418 411 509 476; x_wconf 84' lang='lat' dir='ltr'><strong>iuxta</strong></span> <span class='ocrx_word' id='word_1_14' title='bbox 531 408 704 476; x_wconf 86' lang='lat' dir='ltr'>Mareotim</span> <span class='ocrx_word' id='word_1_15' title='bbox 729 411 852 488; x_wconf 88' lang='lat' dir='ltr'><strong>lacum,</strong></span> <span class='ocrx_word' id='word_1_16' title='bbox 883 410 938 494; x_wconf 90' lang='lat' dir='ltr'><strong>qui</strong></span> <span class='ocrx_word' id='word_1_17' title='bbox 959 404 1049 477; x_wconf 85' lang='lat' dir='ltr'><strong>locus</strong></span> <span class='ocrx_word' id='word_1_18' title='bbox 1071 421 1166 476; x_wconf 86' lang='lat' dir='ltr'><strong>antea</strong></span> <span class='ocrx_word' id='word_1_19' title='bbox 1187 410 1292 477; x_wconf 75' lang='lat' dir='ltr'><strong>Rha.</strong></span> 
     </span>
     <span class='ocr_line' id='line_1_3' title="bbox 154 511 1277 586; baseline -0.003 -5"><span class='ocrx_word' id='word_1_20' title='bbox 154 524 242 582; x_wconf 89' lang='lat' dir='ltr'><strong>cotes</strong></span> <span class='ocrx_word' id='word_1_21' title='bbox 263 513 512 580; x_wconf 69' lang='lat' dir='ltr'><strong>nominabatur.</strong></span> <span class='ocrx_word' id='word_1_22' title='bbox 531 511 675 578; x_wconf 87' lang='lat' dir='ltr'><strong>Metatus</strong></span> <span class='ocrx_word' id='word_1_23' title='bbox 698 523 749 578; x_wconf 91' lang='lat' dir='ltr'><strong>est</strong></span> <span class='ocrx_word' id='word_1_24' title='bbox 771 535 841 578; x_wconf 90' lang='lat' dir='ltr'><strong>eam</strong></span> <span class='ocrx_word' id='word_1_25' title='bbox 862 511 1063 586; x_wconf 77' lang='lat' dir='ltr'><strong>Dinochares</strong></span> <span class='ocrx_word' id='word_1_26' title='bbox 1084 514 1277 579; x_wconf 77' lang='lat' dir='ltr'><strong>architectus</strong></span> 
     </span>
     <span class='ocr_line' id='line_1_4' title="bbox 151 615 1277 704; baseline -0.004 -20"><span class='ocrx_word' id='word_1_27' title='bbox 151 618 298 704; x_wconf 89' lang='lat' dir='ltr'><strong>pluribus</strong></span> <span class='ocrx_word' id='word_1_28' title='bbox 319 617 424 683; x_wconf 91' lang='lat' dir='ltr'><strong>modis</strong></span> <span class='ocrx_word' id='word_1_29' title='bbox 444 615 643 682; x_wconf 80' lang='lat' dir='ltr'><strong>memorabili</strong></span> <span class='ocrx_word' id='word_1_30' title='bbox 664 615 807 702; x_wconf 88' lang='lat' dir='ltr'><strong>iugenio,</strong></span> <span class='ocrx_word' id='word_1_31' title='bbox 830 635 878 679; x_wconf 87' lang='lat' dir='ltr'><strong>xv</strong></span> <span class='ocrx_word' id='word_1_32' title='bbox 897 639 922 680; x_wconf 87' lang='lat' dir='ltr'><strong>u</strong></span> <span class='ocrx_word' id='word_1_33' title='bbox 943 639 975 702; x_wconf 93' lang='lat' dir='ltr'><strong>p.</strong></span> <span class='ocrx_word' id='word_1_34' title='bbox 998 615 1130 681; x_wconf 84' lang='lat' dir='ltr'><strong>laxitate</strong></span> <span class='ocrx_word' id='word_1_35' title='bbox 1151 616 1277 682; x_wconf 88' lang='lat' dir='ltr'><strong>insessa</strong></span> 
     </span>
     <span class='ocr_line' id='line_1_5' title="bbox 151 719 1276 810; baseline -0.003 -23"><span class='ocrx_word' id='word_1_36' title='bbox 151 722 193 787; x_wconf 82' lang='lat' dir='ltr'><strong>ad</strong></span> <span class='ocrx_word' id='word_1_37' title='bbox 216 723 358 810; x_wconf 83' lang='lat' dir='ltr'><strong>effigiem</strong></span> <span class='ocrx_word' id='word_1_38' title='bbox 379 719 612 786; x_wconf 88' lang='lat' dir='ltr'><strong>Macedonicae</strong></span> <span class='ocrx_word' id='word_1_39' title='bbox 635 719 813 804; x_wconf 78' lang='lat' dir='ltr'><strong>chlamydis</strong></span> <span class='ocrx_word' id='word_1_40' title='bbox 840 719 919 784; x_wconf 91' lang='lat' dir='ltr'><strong>orbe</strong></span> <span class='ocrx_word' id='word_1_41' title='bbox 943 729 1060 806; x_wconf 83' lang='lat' dir='ltr'><strong>gyrato</strong></span> <span class='ocrx_word' id='word_1_42' title='bbox 1080 719 1276 797; x_wconf 88' lang='lat' dir='ltr'><strong>laciniosam,</strong></span> 
     </span>
     <span class='ocr_line' id='line_1_6' title="bbox 152 818 1278 909; baseline -0.003 -22"><span class='ocrx_word' id='word_1_43' title='bbox 152 823 267 888; x_wconf 89' lang='lat' dir='ltr'><strong>dextra</strong></span> <span class='ocrx_word' id='word_1_44' title='bbox 288 823 444 904; x_wconf 87' lang='lat' dir='ltr'><strong>laevaque</strong></span> <span class='ocrx_word' id='word_1_45' title='bbox 470 821 625 909; x_wconf 87' lang='lat' dir='ltr'><strong>anguloso</strong></span> <span class='ocrx_word' id='word_1_46' title='bbox 645 842 817 906; x_wconf 86' lang='lat' dir='ltr'><strong>procursu,</strong></span> <span class='ocrx_word' id='word_1_47' title='bbox 845 818 909 884; x_wconf 87' lang='lat' dir='ltr'><strong>iam</strong></span> <span class='ocrx_word' id='word_1_48' title='bbox 936 830 1004 884; x_wconf 92' lang='lat' dir='ltr'><strong>tum</strong></span> <span class='ocrx_word' id='word_1_49' title='bbox 1031 830 1138 886; x_wconf 87' lang='lat' dir='ltr'><strong>tamen</strong></span> <span class='ocrx_word' id='word_1_50' title='bbox 1166 821 1278 905; x_wconf 88' lang='lat' dir='ltr'><strong>quinta</strong></span> 
     </span>
    </p>
   </div>
   <div class='ocr_carea' id='block_1_3' title="bbox 152 919 1424 1008">
    <p class='ocr_par' dir='ltr' id='par_1_3' title="bbox 152 919 1424 1008">
     <span class='ocr_line' id='line_1_7' title="bbox 152 919 1424 1008; baseline -0.004 -20"><span class='ocrx_word' id='word_1_51' title='bbox 152 924 234 988; x_wconf 90' lang='lat' dir='ltr'><strong>situs</strong></span> <span class='ocrx_word' id='word_1_52' title='bbox 255 933 347 1008; x_wconf 90' lang='lat' dir='ltr'><strong>parte</strong></span> <span class='ocrx_word' id='word_1_53' title='bbox 367 922 475 1008; x_wconf 85' lang='lat' dir='ltr'><strong>regiae</strong></span> <span class='ocrx_word' id='word_1_54' title='bbox 496 921 611 987; x_wconf 87' lang='lat' dir='ltr'><strong>dicata.</strong></span> <span class='ocrx_word' id='word_1_55' title='bbox 641 919 799 985; x_wconf 86' lang='lat' dir='ltr'><strong>Mareotis</strong></span> <span class='ocrx_word' id='word_1_56' title='bbox 820 921 908 988; x_wconf 88' lang='lat' dir='ltr'><strong>lacus</strong></span> <span class='ocrx_word' id='word_1_57' title='bbox 930 919 972 984; x_wconf 88' lang='lat' dir='ltr'><strong>ad</strong></span> <span class='ocrx_word' id='word_1_58' title='bbox 993 920 1201 986; x_wconf 90' lang='lat' dir='ltr'><strong>meridianam</strong></span> <span class='ocrx_word' id='word_1_59' title='bbox 1221 938 1277 984; x_wconf 77' lang='lat' dir='ltr'><strong>ur&#39;-</strong></span> <span class='ocrx_word' id='word_1_60' title='bbox 1292 940 1323 984; x_wconf 81' lang='lat' dir='ltr'><strong>oa</strong></span> <span class='ocrx_word' id='word_1_61' title='bbox 1419 994 1424 1004; x_wconf 86' lang='lat'><strong>.</strong></span> 
     </span>
    </p>
   </div>
   <div class='ocr_carea' id='block_1_4' title="bbox 76 1017 1325 2424">
    <p class='ocr_par' dir='ltr' id='par_1_4' title="bbox 76 1017 1325 2424">
     <span class='ocr_line' id='line_1_8' title="bbox 150 1017 1277 1110; baseline -0.003 -21"><span class='ocrx_word' id='word_1_62' title='bbox 150 1025 201 1089; x_wconf 92' lang='lat' dir='ltr'><strong>bis</strong></span> <span class='ocrx_word' id='word_1_63' title='bbox 227 1033 352 1110; x_wconf 87' lang='lat' dir='ltr'><strong>partem</strong></span> <span class='ocrx_word' id='word_1_64' title='bbox 379 1024 527 1109; x_wconf 90' lang='lat' dir='ltr'><strong>euripum</strong></span> <span class='ocrx_word' id='word_1_65' title='bbox 549 1017 714 1108; x_wconf 87' lang='lat' dir='ltr'><strong>Canopico</strong></span> <span class='ocrx_word' id='word_1_66' title='bbox 741 1020 823 1087; x_wconf 90' lang='lat' dir='ltr'><strong>ostio</strong></span> <span class='ocrx_word' id='word_1_67' title='bbox 850 1021 949 1085; x_wconf 88' lang='lat' dir='ltr'><strong>mittit</strong></span> <span class='ocrx_word' id='word_1_68' title='bbox 977 1044 1018 1086; x_wconf 92' lang='lat' dir='ltr'><strong>ex</strong></span> <span class='ocrx_word' id='word_1_69' title='bbox 1043 1022 1277 1087; x_wconf 88' lang='lat' dir='ltr'><strong>mediterraneo</strong></span> 
     </span>
     <span class='ocr_line' id='line_1_9' title="bbox 151 1123 1276 1209; baseline -0.002 -19"><span class='ocrx_word' id='word_1_70' title='bbox 151 1126 349 1203; x_wconf 91' lang='lat' dir='ltr'><strong>conmercio,</strong></span> <span class='ocrx_word' id='word_1_71' title='bbox 383 1125 503 1189; x_wconf 91' lang='lat' dir='ltr'><strong>insulas</strong></span> <span class='ocrx_word' id='word_1_72' title='bbox 530 1145 657 1209; x_wconf 89' lang='lat' dir='ltr'><strong>quoque</strong></span> <span class='ocrx_word' id='word_1_73' title='bbox 678 1123 780 1209; x_wconf 89' lang='lat' dir='ltr'><strong>pluris</strong></span> <span class='ocrx_word' id='word_1_74' title='bbox 802 1124 988 1208; x_wconf 89' lang='lat' dir='ltr'><strong>amplexus,</strong></span> <span class='ocrx_word' id='word_1_75' title='bbox 1018 1146 1085 1187; x_wconf 93' lang='lat' dir='ltr'><strong>xxx</strong></span> <span class='ocrx_word' id='word_1_76' title='bbox 1108 1145 1133 1187; x_wconf 86' lang='lat' dir='ltr'><strong>u</strong></span> <span class='ocrx_word' id='word_1_77' title='bbox 1153 1145 1186 1209; x_wconf 90' lang='lat' dir='ltr'><strong>p.</strong></span> <span class='ocrx_word' id='word_1_78' title='bbox 1210 1133 1276 1188; x_wconf 89' lang='lat' dir='ltr'><strong>tra-</strong></span> 
     </span>
     <span class='ocr_line' id='line_1_10' title="bbox 149 1221 1277 1309; baseline -0.002 -19"><span class='ocrx_word' id='word_1_79' title='bbox 149 1226 253 1303; x_wconf 90' lang='lat' dir='ltr'><strong>iectu,</strong></span> <span class='ocrx_word' id='word_1_80' title='bbox 276 1247 314 1290; x_wconf 80' lang='lat' dir='ltr'><strong>or.</strong></span> <span class='ocrx_word' id='word_1_81' title='bbox 335 1224 472 1304; x_wconf 92' lang='lat' dir='ltr'><strong>ambitu,</strong></span> <span class='ocrx_word' id='word_1_82' title='bbox 500 1235 538 1290; x_wconf 90' lang='lat' dir='ltr'><strong>ut</strong></span> <span class='ocrx_word' id='word_1_83' title='bbox 563 1224 662 1289; x_wconf 86' lang='lat' dir='ltr'><strong>tradit</strong></span> <span class='ocrx_word' id='word_1_84' title='bbox 688 1222 844 1289; x_wconf 87' lang='lat' dir='ltr'><strong>Claudius</strong></span> <span class='ocrx_word' id='word_1_85' title='bbox 864 1221 1011 1309; x_wconf 86' lang='lat' dir='ltr'><strong>Caesar.¹</strong></span> <span class='ocrx_word' id='word_1_86' title='bbox 1029 1224 1097 1289; x_wconf 91' lang='lat' dir='ltr'><strong>Alii</strong></span> <span class='ocrx_word' id='word_1_87' title='bbox 1123 1225 1277 1289; x_wconf 89' lang='lat' dir='ltr'><strong>schoenos</strong></span> 
     </span>
     <span class='ocr_line' id='line_1_11' title="bbox 149 1324 1277 1414; baseline -0.002 -23"><span class='ocrx_word' id='word_1_88' title='bbox 149 1327 183 1391; x_wconf 92' lang='lat' dir='ltr'><strong>in</strong></span> <span class='ocrx_word' id='word_1_89' title='bbox 204 1326 437 1414; x_wconf 89' lang='lat' dir='ltr'><strong>longitudinem</strong></span> <span class='ocrx_word' id='word_1_90' title='bbox 458 1336 569 1413; x_wconf 88' lang='lat' dir='ltr'><strong>patere</strong></span> <span class='ocrx_word' id='word_1_91' title='bbox 589 1349 632 1390; x_wconf 78' lang='lat' dir='ltr'><strong>xa</strong></span> <span class='ocrx_word' id='word_1_92' title='bbox 659 1324 784 1390; x_wconf 87' lang='lat' dir='ltr'><strong>faciunt</strong></span> <span class='ocrx_word' id='word_1_93' title='bbox 807 1325 1045 1408; x_wconf 89' lang='lat' dir='ltr'><strong>schoenumque</strong></span> <span class='ocrx_word' id='word_1_94' title='bbox 1068 1325 1172 1389; x_wconf 87' lang='lat' dir='ltr'><strong>stadia</strong></span> <span class='ocrx_word' id='word_1_95' title='bbox 1194 1347 1277 1402; x_wconf 84' lang='lat' dir='ltr'>xxx3</span> 
     </span>
     <span class='ocr_line' id='line_1_12' title="bbox 147 1424 1325 1516; baseline -0.002 -24"><span class='ocrx_word' id='word_1_96' title='bbox 147 1430 194 1493; x_wconf 81' lang='lat' dir='ltr'><strong>ita</strong></span> <span class='ocrx_word' id='word_1_97' title='bbox 214 1428 285 1493; x_wconf 85' lang='lat' dir='ltr'><strong>fieri</strong></span> <span class='ocrx_word' id='word_1_98' title='bbox 305 1428 515 1516; x_wconf 86' lang='lat' dir='ltr'><strong>longitudinis</strong></span> <span class='ocrx_word' id='word_1_99' title='bbox 536 1449 574 1493; x_wconf 88' lang='lat' dir='ltr'><strong>cr.</strong></span> <span class='ocrx_word' id='word_1_100' title='bbox 595 1450 621 1491; x_wconf 80' lang='lat' dir='ltr'><strong>u</strong></span> <span class='ocrx_word' id='word_1_101' title='bbox 641 1450 686 1513; x_wconf 89' lang='lat' dir='ltr'><strong>p.,</strong></span> <span class='ocrx_word' id='word_1_102' title='bbox 716 1425 906 1492; x_wconf 87' lang='lat' dir='ltr'><strong>tantundem</strong></span> <span class='ocrx_word' id='word_1_103' title='bbox 929 1436 962 1491; x_wconf 88' lang='lat' dir='ltr'><strong>et</strong></span> <span class='ocrx_word' id='word_1_104' title='bbox 982 1425 1171 1491; x_wconf 88' lang='lat' dir='ltr'><strong>latitudinis.</strong></span> <span class='ocrx_word' id='word_1_105' title='bbox 1195 1424 1280 1491; x_wconf 88' lang='lat' dir='ltr'><strong>Sunt</strong></span> <span class='ocrx_word' id='word_1_106' title='bbox 1293 1447 1325 1490; x_wconf 73' lang='lat' dir='ltr'><strong>ss</strong></span> 
     </span>
     <span class='ocr_line' id='line_1_13' title="bbox 148 1518 1279 1613; baseline -0.002 -18"><span class='ocrx_word' id='word_1_107' title='bbox 148 1531 183 1596; x_wconf 93' lang='lat' dir='ltr'><strong>in</strong></span> <span class='ocrx_word' id='word_1_108' title='bbox 208 1531 327 1598; x_wconf 90' lang='lat' dir='ltr'><strong>honore</strong></span> <span class='ocrx_word' id='word_1_109' title='bbox 354 1541 388 1595; x_wconf 91' lang='lat' dir='ltr'><strong>et</strong></span> <span class='ocrx_word' id='word_1_110' title='bbox 418 1531 502 1595; x_wconf 86' lang='lat' dir='ltr'><strong>intra</strong></span> <span class='ocrx_word' id='word_1_111' title='bbox 533 1530 687 1594; x_wconf 88' lang='lat' dir='ltr'><strong>decursus</strong></span> <span class='ocrx_word' id='word_1_112' title='bbox 714 1527 780 1592; x_wconf 93' lang='lat' dir='ltr'><strong>Nili</strong></span> <span class='ocrx_word' id='word_1_113' title='bbox 795 1518 909 1592; x_wconf 44' lang='lat' dir='ltr'><strong>&#39;multa</strong></span> <span class='ocrx_word' id='word_1_114' title='bbox 934 1527 1072 1613; x_wconf 91' lang='lat' dir='ltr'><strong>oppida,</strong></span> <span class='ocrx_word' id='word_1_115' title='bbox 1107 1528 1279 1613; x_wconf 85' lang='lat' dir='ltr'><strong>praecipue</strong></span> 
     </span>
     <span class='ocr_line' id='line_1_14' title="bbox 150 1627 1278 1716; baseline -0.005 -19"><span class='ocrx_word' id='word_1_116' title='bbox 150 1654 233 1716; x_wconf 91' lang='lat' dir='ltr'><strong>quae</strong></span> <span class='ocrx_word' id='word_1_117' title='bbox 254 1631 383 1699; x_wconf 89' lang='lat' dir='ltr'><strong>nomina</strong></span> <span class='ocrx_word' id='word_1_118' title='bbox 403 1631 494 1696; x_wconf 90' lang='lat' dir='ltr'><strong>ostiis</strong></span> <span class='ocrx_word' id='word_1_119' title='bbox 516 1630 644 1705; x_wconf 87' lang='lat' dir='ltr'><strong>dedere,</strong></span> <span class='ocrx_word' id='word_1_120' title='bbox 666 1650 731 1692; x_wconf 91' lang='lat' dir='ltr'><strong>non</strong></span> <span class='ocrx_word' id='word_1_121' title='bbox 751 1628 909 1703; x_wconf 90' lang='lat' dir='ltr'><strong>omnibus,</strong></span> <span class='ocrx_word' id='word_1_122' title='bbox 933 1628 997 1712; x_wconf 90' lang='lat' dir='ltr'>(x11</span> <span class='ocrx_word' id='word_1_123' title='bbox 1011 1627 1096 1690; x_wconf 90' lang='lat' dir='ltr'><strong>enim</strong></span> <span class='ocrx_word' id='word_1_124' title='bbox 1110 1627 1278 1713; x_wconf 88' lang='lat' dir='ltr'><strong>reperiun-</strong></span> 
     </span>
     <span class='ocr_line' id='line_1_15' title="bbox 150 1726 1278 1819; baseline -0.005 -21"><span class='ocrx_word' id='word_1_125' title='bbox 150 1743 202 1800; x_wconf 86' lang='lat' dir='ltr'><strong>tur</strong></span> <span class='ocrx_word' id='word_1_126' title='bbox 216 1754 376 1819; x_wconf 89' lang='lat' dir='ltr'><strong>superque</strong></span> <span class='ocrx_word' id='word_1_127' title='bbox 391 1756 425 1796; x_wconf 76' lang='grc' dir='ltr'><strong>ιν</strong></span> <span class='ocrx_word' id='word_1_128' title='bbox 448 1752 531 1814; x_wconf 88' lang='lat' dir='ltr'><strong>quae</strong></span> <span class='ocrx_word' id='word_1_129' title='bbox 551 1730 615 1814; x_wconf 92' lang='lat' dir='ltr'><strong>ipsi</strong></span> <span class='ocrx_word' id='word_1_130' title='bbox 637 1728 719 1792; x_wconf 87' lang='lat' dir='ltr'><strong>falsa</strong></span> <span class='ocrx_word' id='word_1_131' title='bbox 740 1750 797 1793; x_wconf 87' lang='lat' dir='ltr'><strong>ora</strong></span> <span class='ocrx_word' id='word_1_132' title='bbox 818 1726 1009 1812; x_wconf 80' lang='lat' dir='ltr'><strong>appellant),</strong></span> <span class='ocrx_word' id='word_1_133' title='bbox 1033 1727 1091 1792; x_wconf 88' lang='lat' dir='ltr'><strong>sed</strong></span> <span class='ocrx_word' id='word_1_134' title='bbox 1108 1728 1278 1793; x_wconf 81' lang='lat' dir='ltr'><strong>celeberri-</strong></span> 
     </span>
     <span class='ocr_line' id='line_1_16' title="bbox 149 1826 1274 1921; baseline -0.004 -22"><span class='ocrx_word' id='word_1_135' title='bbox 149 1836 211 1900; x_wconf 90' lang='lat' dir='ltr'><strong>mis</strong></span> <span class='ocrx_word' id='word_1_136' title='bbox 232 1859 290 1913; x_wconf 87' lang='lat' dir='ltr'><strong>vn,</strong></span> <span class='ocrx_word' id='word_1_137' title='bbox 312 1854 472 1921; x_wconf 88' lang='lat' dir='ltr'><strong>proxumo</strong></span> <span class='ocrx_word' id='word_1_138' title='bbox 494 1829 711 1895; x_wconf 87' lang='lat' dir='ltr'><strong>Alexandriae</strong></span> <span class='ocrx_word' id='word_1_139' title='bbox 727 1826 901 1913; x_wconf 78' lang='lat' dir='ltr'><strong>CanopicO,</strong></span> <span class='ocrx_word' id='word_1_140' title='bbox 925 1828 1000 1893; x_wconf 91' lang='lat' dir='ltr'><strong>dein</strong></span> <span class='ocrx_word' id='word_1_141' title='bbox 1014 1827 1188 1908; x_wconf 88' lang='lat' dir='ltr'><strong>Bolbitino,</strong></span> <span class='ocrx_word' id='word_1_142' title='bbox 1212 1827 1274 1895; x_wconf 81' lang='lat' dir='ltr'><strong>Se-</strong></span> 
     </span>
     <span class='ocr_line' id='line_1_17' title="bbox 149 1927 1276 2019; baseline -0.003 -19"><span class='ocrx_word' id='word_1_143' title='bbox 149 1931 555 2019; x_wconf 79' lang='lat' dir='ltr'><strong>bennyticO,·Phatnitico,</strong></span> <span class='ocrx_word' id='word_1_144' title='bbox 578 1928 785 2007; x_wconf 90' lang='lat' dir='ltr'><strong>Mendesico,</strong></span> <span class='ocrx_word' id='word_1_145' title='bbox 809 1927 956 2018; x_wconf 84' lang='lat' dir='ltr'><strong>Tanitico</strong></span> <span class='ocrx_word' id='word_1_146' title='bbox 978 1930 1154 2014; x_wconf 90' lang='lat' dir='ltr'><strong>ultimoque</strong></span> <span class='ocrx_word' id='word_1_147' title='bbox 1176 1931 1276 1997; x_wconf 90' lang='lat' dir='ltr'><strong>Pelu-</strong></span> 
     </span>
     <span class='ocr_line' id='line_1_18' title="bbox 149 2028 1276 2117; baseline -0.004 -15"><span class='ocrx_word' id='word_1_148' title='bbox 149 2037 245 2103; x_wconf 88' lang='lat' dir='ltr'><strong>siaco.</strong></span> <span class='ocrx_word' id='word_1_149' title='bbox 276 2033 453 2099; x_wconf 88' lang='lat' dir='ltr'><strong>Praeterea</strong></span> <span class='ocrx_word' id='word_1_150' title='bbox 473 2032 593 2112; x_wconf 86' lang='lat' dir='ltr'><strong>Butos,</strong></span> <span class='ocrx_word' id='word_1_151' title='bbox 616 2029 849 2108; x_wconf 89' lang='lat' dir='ltr'><strong>Pharbaethos,</strong></span> <span class='ocrx_word' id='word_1_152' title='bbox 871 2028 1094 2117; x_wconf 89' lang='lat' dir='ltr'><strong>Leontopolis,</strong></span> <span class='ocrx_word' id='word_1_153' title='bbox 1118 2032 1276 2113; x_wconf 87' lang='lat' dir='ltr'><strong>Athribis,</strong></span> 
     </span>
     <span class='ocr_line' id='line_1_19' title="bbox 149 2129 1277 2223; baseline -0.003 -20"><span class='ocrx_word' id='word_1_154' title='bbox 149 2138 248 2203; x_wconf 91' lang='lat' dir='ltr'><strong>Isidis</strong></span> <span class='ocrx_word' id='word_1_155' title='bbox 270 2136 439 2223; x_wconf 90' lang='lat' dir='ltr'><strong>oppidum,</strong></span> <span class='ocrx_word' id='word_1_156' title='bbox 461 2133 604 2211; x_wconf 83' lang='lat' dir='ltr'><strong>Busiris,</strong></span> <span class='ocrx_word' id='word_1_157' title='bbox 629 2129 822 2219; x_wconf 85' lang='lat' dir='ltr'><strong>Cynopolis,</strong></span> <span class='ocrx_word' id='word_1_158' title='bbox 844 2130 1054 2218; x_wconf 88' lang='lat' dir='ltr'><strong>Aphrodites,</strong></span> <span class='ocrx_word' id='word_1_159' title='bbox 1069 2132 1164 2214; x_wconf 74' lang='lat' dir='ltr'><strong>Sais,</strong></span> <span class='ocrx_word' id='word_1_160' title='bbox 1187 2134 1277 2201; x_wconf 89' lang='lat' dir='ltr'><strong>Nau-</strong></span> 
     </span>
     <span class='ocr_line' id='line_1_20' title="bbox 150 2233 1278 2323; baseline -0.001 -19"><span class='ocrx_word' id='word_1_161' title='bbox 150 2239 263 2317; x_wconf 89' lang='lat' dir='ltr'><strong>cratis,</strong></span> <span class='ocrx_word' id='word_1_162' title='bbox 293 2238 380 2303; x_wconf 91' lang='lat' dir='ltr'><strong>unde</strong></span> <span class='ocrx_word' id='word_1_163' title='bbox 409 2237 527 2303; x_wconf 87' lang='lat' dir='ltr'><strong>ostium</strong></span> <span class='ocrx_word' id='word_1_164' title='bbox 555 2236 686 2320; x_wconf 83' lang='lat' dir='ltr'><strong>quidam</strong></span> <span class='ocrx_word' id='word_1_165' title='bbox 714 2233 969 2303; x_wconf 88' lang='lat' dir='ltr'><strong>Naucratiticum</strong></span> <span class='ocrx_word' id='word_1_166' title='bbox 996 2237 1161 2302; x_wconf 90' lang='lat' dir='ltr'><strong>nominant</strong></span> <span class='ocrx_word' id='word_1_167' title='bbox 1190 2238 1278 2323; x_wconf 91' lang='lat' dir='ltr'><strong>quod</strong></span> 
     </span>
     <span class='ocr_line' id='line_1_21' title="bbox 76 2333 1276 2424; baseline 0.001 -19"><span class='ocrx_word' id='word_1_168' title='bbox 76 2370 83 2376; x_wconf 95' lang='lat'><em>·</em></span> <span class='ocrx_word' id='word_1_169' title='bbox 148 2341 203 2406; x_wconf 88' lang='lat' dir='ltr'><strong>alii</strong></span> <span class='ocrx_word' id='word_1_170' title='bbox 220 2339 489 2417; x_wconf 87' lang='lat' dir='ltr'><strong>Heracleoticum,</strong></span> <span class='ocrx_word' id='word_1_171' title='bbox 514 2333 679 2423; x_wconf 87' lang='lat' dir='ltr'><strong>Canopico</strong></span> <span class='ocrx_word' id='word_1_172' title='bbox 699 2336 751 2402; x_wconf 91' lang='lat' dir='ltr'><strong>cui</strong></span> <span class='ocrx_word' id='word_1_173' title='bbox 770 2358 964 2422; x_wconf 90' lang='lat' dir='ltr'><strong>proxumum</strong></span> <span class='ocrx_word' id='word_1_174' title='bbox 982 2347 1031 2402; x_wconf 92' lang='lat' dir='ltr'><strong>est</strong></span> <span class='ocrx_word' id='word_1_175' title='bbox 1048 2339 1276 2424; x_wconf 81' lang='lat' dir='ltr'><strong>praeferentes.</strong></span> 
     </span>
    </p>
   </div>
   <div class='ocr_carea' id='block_1_5' title="bbox 78 2538 1276 4304">
    <p class='ocr_par' dir='ltr' id='par_1_5' title="bbox 148 2538 1275 2814">
     <span class='ocr_line' id='line_1_22' title="bbox 149 2538 1275 2610; baseline 0 -12"><span class='ocrx_word' id='word_1_176' title='bbox 149 2545 398 2610; x_wconf 77' lang='lat' dir='ltr'><strong>G.).Dtoocara‚1r.</strong></span> <span class='ocrx_word' id='word_1_177' title='bbox 415 2543 572 2604; x_wconf 81' lang='lat' dir='ltr'><strong>Dinocrates,</strong></span> <span class='ocrx_word' id='word_1_178' title='bbox 584 2543 627 2593; x_wconf 87' lang='lat' dir='ltr'><strong>Kr</strong></span> <span class='ocrx_word' id='word_1_179' title='bbox 639 2539 726 2605; x_wconf 90' lang='lat' dir='ltr'><strong>(codd.</strong></span> <span class='ocrx_word' id='word_1_180' title='bbox 732 2538 865 2602; x_wconf 85' lang='lat' dir='ltr'><strong>Barbari.)</strong></span> <span class='ocrx_word' id='word_1_181' title='bbox 882 2541 943 2591; x_wconf 90' lang='lat' dir='ltr'><strong>Vld.</strong></span> <span class='ocrx_word' id='word_1_182' title='bbox 955 2545 988 2593; x_wconf 88' lang='lat' dir='ltr'><strong>ad</strong></span> <span class='ocrx_word' id='word_1_183' title='bbox 1000 2550 1040 2606; x_wconf 76' lang='lat'><strong>34,</strong></span> <span class='ocrx_word' id='word_1_184' title='bbox 1055 2549 1111 2596; x_wconf 86' lang='grc'><em>148.</em></span> <span class='ocrx_word' id='word_1_185' title='bbox 1131 2587 1162 2596; x_wconf 85' lang='lat'><strong>..</strong></span> <span class='ocrx_word' id='word_1_186' title='bbox 1181 2547 1275 2599; x_wconf 79' lang='lat' dir='ltr'><strong>mismo·</strong></span> 
     </span>
     <span class='ocr_line' id='line_1_23' title="bbox 148 2606 1275 2679; baseline 0 -13"><span class='ocrx_word' id='word_1_187' title='bbox 148 2613 234 2677; x_wconf 81' lang='lat' dir='ltr'><strong>rabili,</strong></span> <span class='ocrx_word' id='word_1_188' title='bbox 246 2616 279 2665; x_wconf 84' lang='lat' dir='ltr'><strong>R.</strong></span> <span class='ocrx_word' id='word_1_189' title='bbox 298 2655 330 2664; x_wconf 88' lang='lat'><strong>...</strong></span> <span class='ocrx_word' id='word_1_190' title='bbox 348 2615 454 2672; x_wconf 75' lang='lat' dir='ltr'><strong>inuersa,</strong></span> <span class='ocrx_word' id='word_1_191' title='bbox 465 2612 562 2662; x_wconf 84' lang='lat' dir='ltr'><strong>RDad</strong></span> <span class='ocrx_word' id='word_1_192' title='bbox 573 2607 658 2670; x_wconf 89' lang='lat' dir='ltr'><strong>(codd.</strong></span> <span class='ocrx_word' id='word_1_193' title='bbox 669 2606 772 2669; x_wconf 80' lang='lat' dir='ltr'><strong>Gelan.)</strong></span> <span class='ocrx_word' id='word_1_194' title='bbox 790 2608 913 2671; x_wconf 71' lang='lat' dir='ltr'><strong>immensa,</strong></span> <span class='ocrx_word' id='word_1_195' title='bbox 926 2609 950 2658; x_wconf 87' lang='lat' dir='ltr'>N</span> <span class='ocrx_word' id='word_1_196' title='bbox 962 2612 993 2659; x_wconf 88' lang='lat' dir='ltr'><strong>¹r.</strong></span> <span class='ocrx_word' id='word_1_197' title='bbox 1012 2611 1112 2675; x_wconf 80' lang='lat' dir='ltr'><strong>inserta,</strong></span> <span class='ocrx_word' id='word_1_198' title='bbox 1124 2615 1158 2664; x_wconf 87' lang='lat' dir='ltr'><strong>K.</strong></span> <span class='ocrx_word' id='word_1_199' title='bbox 1176 2614 1275 2679; x_wconf 84' lang='lat' dir='ltr'><strong>incerto,</strong></span> 
     </span>
     <span class='ocr_line' id='line_1_24' title="bbox 148 2676 1275 2742; baseline -0.003 -14"><span class='ocrx_word' id='word_1_200' title='bbox 148 2684 194 2734; x_wconf 52' lang='grc' dir='ltr'><strong>ΝΖ.</strong></span> <span class='ocrx_word' id='word_1_201' title='bbox 214 2722 246 2731; x_wconf 83' lang='lat'>-</span> <span class='ocrx_word' id='word_1_202' title='bbox 264 2681 386 2740; x_wconf 80' lang='lat' dir='ltr'><strong>dcatrom,</strong></span> <span class='ocrx_word' id='word_1_203' title='bbox 396 2681 431 2728; x_wconf 89' lang='lat' dir='ltr'><strong>D.</strong></span> <span class='ocrx_word' id='word_1_204' title='bbox 451 2717 480 2727; x_wconf 89' lang='lat'><strong>..</strong></span> <span class='ocrx_word' id='word_1_205' title='bbox 501 2679 612 2737; x_wconf 70' lang='lat' dir='ltr'><strong>manaim,</strong></span> <span class='ocrx_word' id='word_1_206' title='bbox 624 2678 648 2725; x_wconf 80' lang='lat' dir='ltr'><strong>d.</strong></span> <span class='ocrx_word' id='word_1_207' title='bbox 666 2716 698 2724; x_wconf 92' lang='lat'><strong>..</strong></span> <span class='ocrx_word' id='word_1_208' title='bbox 719 2676 895 2737; x_wconf 67' lang='lat' dir='ltr'><strong>peccarint.</strong></span> <span class='ocrx_word' id='word_1_209' title='bbox 914 2715 945 2724; x_wconf 90' lang='lat'><strong>..</strong></span> <span class='ocrx_word' id='word_1_210' title='bbox 964 2677 1055 2740; x_wconf 73' lang='lat' dir='ltr'><strong>rapior,</strong></span> <span class='ocrx_word' id='word_1_211' title='bbox 1068 2680 1113 2729; x_wconf 82' lang='lat' dir='ltr'><strong>Ro</strong></span> <span class='ocrx_word' id='word_1_212' title='bbox 1124 2679 1210 2742; x_wconf 87' lang='lat' dir='ltr'><strong>(codd.</strong></span> <span class='ocrx_word' id='word_1_213' title='bbox 1224 2683 1275 2734; x_wconf 81' lang='lat' dir='ltr'><strong>Ge.</strong></span> 
     </span>
     <span class='ocr_line' id='line_1_25' title="bbox 148 2740 1155 2814; baseline -0.003 -14"><span class='ocrx_word' id='word_1_214' title='bbox 148 2747 212 2811; x_wconf 90' lang='lat' dir='ltr'><strong>len.)</strong></span> <span class='ocrx_word' id='word_1_215' title='bbox 231 2750 308 2814; x_wconf 76' lang='lat' dir='ltr'><strong>repiu,</strong></span> <span class='ocrx_word' id='word_1_216' title='bbox 320 2747 345 2797; x_wconf 93' lang='lat' dir='ltr'><strong>D</strong></span> <span class='ocrx_word' id='word_1_217' title='bbox 355 2747 433 2797; x_wconf 82' lang='lat' dir='ltr'><strong>STd.</strong></span> <span class='ocrx_word' id='word_1_218' title='bbox 451 2743 537 2808; x_wconf 70' lang='lat' dir='ltr'><strong>reptio,</strong></span> <span class='ocrx_word' id='word_1_219' title='bbox 547 2743 616 2792; x_wconf 89' lang='lat' dir='ltr'><strong>Pint.</strong></span> <span class='ocrx_word' id='word_1_220' title='bbox 634 2782 666 2791; x_wconf 83' lang='lat'>-</span> <span class='ocrx_word' id='word_1_221' title='bbox 685 2740 779 2802; x_wconf 81' lang='lat' dir='ltr'><strong>dicata,</strong></span> <span class='ocrx_word' id='word_1_222' title='bbox 790 2742 845 2791; x_wconf 81' lang='lat' dir='ltr'><strong>Da.</strong></span> <span class='ocrx_word' id='word_1_223' title='bbox 863 2740 954 2802; x_wconf 82' lang='lat' dir='ltr'><strong>dicato,</strong></span> <span class='ocrx_word' id='word_1_224' title='bbox 966 2743 999 2792; x_wconf 86' lang='lat' dir='ltr'><strong>R.</strong></span> <span class='ocrx_word' id='word_1_225' title='bbox 1017 2743 1122 2804; x_wconf 81' lang='lat' dir='ltr'><strong>dicatae,</strong></span> <span class='ocrx_word' id='word_1_226' title='bbox 1132 2750 1155 2797; x_wconf 92' lang='lat' dir='ltr'><strong>d.</strong></span> 
     </span>
    </p>

    <p class='ocr_par' dir='ltr' id='par_1_6' title="bbox 78 2805 1276 3282">
     <span class='ocr_line' id='line_1_26' title="bbox 182 2805 1275 2879; baseline 0.001 -14"><span class='ocrx_word' id='word_1_227' title='bbox 182 2819 252 2878; x_wconf 71' lang='grc' dir='ltr'><strong>ξόθ.</strong></span> <span class='ocrx_word' id='word_1_228' title='bbox 271 2810 314 2873; x_wconf 83' lang='lat' dir='ltr'><strong>ud,</strong></span> <span class='ocrx_word' id='word_1_229' title='bbox 326 2814 426 2862; x_wconf 83' lang='lat' dir='ltr'><strong>RDar.</strong></span> <span class='ocrx_word' id='word_1_230' title='bbox 450 2829 475 2871; x_wconf 91' lang='lat' dir='ltr'><strong>a,</strong></span> <span class='ocrx_word' id='word_1_231' title='bbox 487 2805 558 2872; x_wconf 68' lang='lat' dir='ltr'><strong>dssr.</strong></span> <span class='ocrx_word' id='word_1_232' title='bbox 576 2850 609 2859; x_wconf 83' lang='lat'>-</span> <span class='ocrx_word' id='word_1_233' title='bbox 626 2807 792 2868; x_wconf 84' lang='lat' dir='ltr'><strong>meridianam,</strong></span> <span class='ocrx_word' id='word_1_234' title='bbox 805 2824 845 2858; x_wconf 87' lang='lat' dir='ltr'><strong>ar.</strong></span> <span class='ocrx_word' id='word_1_235' title='bbox 868 2808 1012 2872; x_wconf 84' lang='lat' dir='ltr'><strong>meridiana,</strong></span> <span class='ocrx_word' id='word_1_236' title='bbox 1025 2809 1158 2879; x_wconf 68' lang='lat' dir='ltr'><strong>Rnossr.</strong></span> <span class='ocrx_word' id='word_1_237' title='bbox 1178 2857 1210 2866; x_wconf 92' lang='lat'><strong>...</strong></span> <span class='ocrx_word' id='word_1_238' title='bbox 1227 2817 1275 2877; x_wconf 79' lang='lat' dir='ltr'><strong>aui,</strong></span> 
     </span>
     <span class='ocr_line' id='line_1_27' title="bbox 78 2871 1275 2947; baseline 0.006 -19"><span class='ocrx_word' id='word_1_239' title='bbox 78 2876 81 2881; x_wconf 78' lang='grc'><strong>’</strong></span> <span class='ocrx_word' id='word_1_240' title='bbox 147 2883 195 2933; x_wconf 56' lang='lat' dir='ltr'><strong>NR</strong></span> <span class='ocrx_word' id='word_1_241' title='bbox 213 2881 287 2942; x_wconf 76' lang='lat' dir='ltr'><strong>situs,</strong></span> <span class='ocrx_word' id='word_1_242' title='bbox 298 2881 344 2930; x_wconf 70' lang='lat' dir='ltr'><strong>N&#39;2.</strong></span> <span class='ocrx_word' id='word_1_243' title='bbox 363 2920 395 2929; x_wconf 86' lang='lat'><strong>..</strong></span> <span class='ocrx_word' id='word_1_244' title='bbox 410 2887 565 2943; x_wconf 76' lang='lat' dir='ltr'><strong>portemur.</strong></span> <span class='ocrx_word' id='word_1_245' title='bbox 580 2885 664 2941; x_wconf 86' lang='lat' dir='ltr'><strong>porta,</strong></span> <span class='ocrx_word' id='word_1_246' title='bbox 680 2871 812 2940; x_wconf 69' lang='lat' dir='ltr'><strong>Rnossr.</strong></span> <span class='ocrx_word' id='word_1_247' title='bbox 832 2916 864 2925; x_wconf 85' lang='lat'>-</span> <span class='ocrx_word' id='word_1_248' title='bbox 881 2875 997 2941; x_wconf 80' lang='lat' dir='ltr'><strong>euripum,</strong></span> <span class='ocrx_word' id='word_1_249' title='bbox 1014 2880 1051 2928; x_wconf 87' lang='lat' dir='ltr'><strong>ita</strong></span> <span class='ocrx_word' id='word_1_250' title='bbox 1062 2895 1110 2931; x_wconf 89' lang='lat' dir='ltr'><strong>nos</strong></span> <span class='ocrx_word' id='word_1_251' title='bbox 1122 2883 1275 2947; x_wconf 88' lang='lat' dir='ltr'><strong>scripsimus.</strong></span> 
     </span>
     <span class='ocr_line' id='line_1_28' title="bbox 150 2940 1275 3012; baseline 0.004 -13"><span class='ocrx_word' id='word_1_252' title='bbox 150 2947 229 3012; x_wconf 69' lang='lat' dir='ltr'><strong>euripi,</strong></span> <span class='ocrx_word' id='word_1_253' title='bbox 240 2949 273 2998; x_wconf 89' lang='lat' dir='ltr'><strong>R.</strong></span> <span class='ocrx_word' id='word_1_254' title='bbox 291 2946 379 3011; x_wconf 79' lang='lat' dir='ltr'><strong>euripo</strong></span> <span class='ocrx_word' id='word_1_255' title='bbox 391 2962 412 3009; x_wconf 88' lang='lat' dir='ltr'><strong>e,</strong></span> <span class='ocrx_word' id='word_1_256' title='bbox 422 2940 559 3010; x_wconf 64' lang='lat' dir='ltr'><strong>Do²dci7e</strong></span> <span class='ocrx_word' id='word_1_257' title='bbox 578 2944 661 3010; x_wconf 82' lang='lat' dir='ltr'><strong>euripi</strong></span> <span class='ocrx_word' id='word_1_258' title='bbox 672 2961 691 3005; x_wconf 87' lang='lat' dir='ltr'><strong>o,</strong></span> <span class='ocrx_word' id='word_1_259' title='bbox 703 2946 739 2994; x_wconf 71' lang='lat' dir='ltr'><strong>al</strong></span> <span class='ocrx_word' id='word_1_260' title='bbox 758 2985 790 2993; x_wconf 80' lang='lat'><em>-</em></span> <span class='ocrx_word' id='word_1_261' title='bbox 811 2942 939 3006; x_wconf 79' lang='lat' dir='ltr'><strong>Goaobico,</strong></span> <span class='ocrx_word' id='word_1_262' title='bbox 952 2947 1026 2997; x_wconf 87' lang='lat' dir='ltr'><strong>Rad.</strong></span> <span class='ocrx_word' id='word_1_263' title='bbox 1047 2949 1090 2999; x_wconf 87' lang='lat' dir='ltr'><strong>Ita</strong></span> <span class='ocrx_word' id='word_1_264' title='bbox 1101 2953 1175 3001; x_wconf 84' lang='lat' dir='ltr'><strong>codd.</strong></span> <span class='ocrx_word' id='word_1_265' title='bbox 1187 2953 1275 3004; x_wconf 85' lang='lat' dir='ltr'><strong>multis</strong></span> 
     </span>
     <span class='ocr_line' id='line_1_29' title="bbox 149 3008 1276 3078; baseline 0.004 -12"><span class='ocrx_word' id='word_1_266' title='bbox 149 3018 176 3066; x_wconf 91' lang='lat' dir='ltr'><strong>in</strong></span> <span class='ocrx_word' id='word_1_267' title='bbox 187 3017 259 3066; x_wconf 91' lang='lat' dir='ltr'><strong>locis.</strong></span> <span class='ocrx_word' id='word_1_268' title='bbox 273 3056 305 3065; x_wconf 83' lang='lat'>-</span> <span class='ocrx_word' id='word_1_269' title='bbox 317 3014 393 3065; x_wconf 84' lang='lat' dir='ltr'><strong>mittit</strong></span> <span class='ocrx_word' id='word_1_270' title='bbox 404 3030 443 3076; x_wconf 80' lang='lat' dir='ltr'><strong>eu,</strong></span> <span class='ocrx_word' id='word_1_271' title='bbox 454 3015 517 3065; x_wconf 84' lang='lat' dir='ltr'><strong>RD.</strong></span> <span class='ocrx_word' id='word_1_272' title='bbox 535 3013 643 3075; x_wconf 76' lang='lat' dir='ltr'><strong>mittitur,</strong></span> <span class='ocrx_word' id='word_1_273' title='bbox 654 3008 747 3077; x_wconf 68' lang='lat' dir='ltr'><strong>adstr.</strong></span> <span class='ocrx_word' id='word_1_274' title='bbox 768 3013 854 3078; x_wconf 82' lang='lat' dir='ltr'><strong>euripo</strong></span> <span class='ocrx_word' id='word_1_275' title='bbox 864 3012 889 3062; x_wconf 87' lang='lat' dir='ltr'><strong>in</strong></span> <span class='ocrx_word' id='word_1_276' title='bbox 903 3009 1047 3078; x_wconf 79' lang='lat' dir='ltr'><strong>Canopicum</strong></span> <span class='ocrx_word' id='word_1_277' title='bbox 1059 3017 1147 3068; x_wconf 81' lang='lat' dir='ltr'><strong>ostium</strong></span> <span class='ocrx_word' id='word_1_278' title='bbox 1158 3019 1276 3070; x_wconf 79' lang='lat' dir='ltr'><strong>emittitur</strong></span> 
     </span>
     <span class='ocr_line' id='line_1_30' title="bbox 149 3079 1271 3149; baseline 0.004 -14"><span class='ocrx_word' id='word_1_279' title='bbox 149 3093 195 3135; x_wconf 83' lang='lat' dir='ltr'><strong>aut</strong></span> <span class='ocrx_word' id='word_1_280' title='bbox 209 3083 400 3149; x_wconf 80' lang='lat' dir='ltr'><strong>potius-euripo</strong></span> <span class='ocrx_word' id='word_1_281' title='bbox 413 3079 533 3148; x_wconf 82' lang='lat' dir='ltr'><strong>Canopico</strong></span> <span class='ocrx_word' id='word_1_282' title='bbox 549 3081 609 3132; x_wconf 79' lang='lat' dir='ltr'><strong>ostio</strong></span> <span class='ocrx_word' id='word_1_283' title='bbox 624 3080 784 3141; x_wconf 80' lang='lat' dir='ltr'><strong>committitur,</strong></span> <span class='ocrx_word' id='word_1_284' title='bbox 795 3081 872 3143; x_wconf 84' lang='lat' dir='ltr'><strong>Pint.,</strong></span> <span class='ocrx_word' id='word_1_285' title='bbox 887 3089 1023 3146; x_wconf 85' lang='lat' dir='ltr'><strong>utrumque</strong></span> <span class='ocrx_word' id='word_1_286' title='bbox 1039 3094 1106 3136; x_wconf 86' lang='lat' dir='ltr'><strong>recte</strong></span> <span class='ocrx_word' id='word_1_287' title='bbox 1117 3089 1150 3137; x_wconf 86' lang='lat' dir='ltr'><strong>ad</strong></span> <span class='ocrx_word' id='word_1_288' title='bbox 1161 3103 1271 3139; x_wconf 85' lang='lat' dir='ltr'><strong>sensum.</strong></span> 
     </span>
     <span class='ocr_line' id='line_1_31' title="bbox 150 3145 1273 3219; baseline 0.004 -17"><span class='ocrx_word' id='word_1_289' title='bbox 150 3193 182 3202; x_wconf 82' lang='lat'><em>-</em></span> <span class='ocrx_word' id='word_1_290' title='bbox 200 3149 469 3214; x_wconf 75' lang='lat' dir='ltr'><strong>traiectus,RDTad.</strong></span> <span class='ocrx_word' id='word_1_291' title='bbox 489 3191 520 3200; x_wconf 95' lang='lat'><strong>..</strong></span> <span class='ocrx_word' id='word_1_292' title='bbox 542 3149 683 3211; x_wconf 56' lang='lat' dir='ltr'><strong>Cunaro.</strong></span> <span class='ocrx_word' id='word_1_293' title='bbox 704 3145 969 3209; x_wconf 55' lang='lat' dir='ltr'><strong>cariumpo.</strong></span> <span class='ocrx_word' id='word_1_294' title='bbox 991 3149 1169 3218; x_wconf 57' lang='lat' dir='ltr'><strong>coeddam</strong></span> <span class='ocrx_word' id='word_1_295' title='bbox 1197 3154 1273 3219; x_wconf 67' lang='lat'><strong>0012,</strong></span> 
     </span>
     <span class='ocr_line' id='line_1_32' title="bbox 148 3217 1065 3282; baseline -0.001 -12"><span class='ocrx_word' id='word_1_296' title='bbox 148 3222 216 3271; x_wconf 87' lang='lat' dir='ltr'><strong>Pint.</strong></span> <span class='ocrx_word' id='word_1_297' title='bbox 227 3221 278 3271; x_wconf 75' lang='lat' dir='ltr'><strong>N&#39;2.</strong></span> <span class='ocrx_word' id='word_1_298' title='bbox 297 3261 329 3269; x_wconf 84' lang='lat'>-</span> <span class='ocrx_word' id='word_1_299' title='bbox 347 3218 381 3281; x_wconf 84' lang='lat' dir='ltr'><strong>ia,</strong></span> <span class='ocrx_word' id='word_1_300' title='bbox 394 3235 444 3270; x_wconf 90' lang='lat' dir='ltr'><strong>om.</strong></span> <span class='ocrx_word' id='word_1_301' title='bbox 456 3218 488 3268; x_wconf 84' lang='lat' dir='ltr'><strong>R.</strong></span> <span class='ocrx_word' id='word_1_302' title='bbox 508 3260 540 3269; x_wconf 86' lang='lat'>-</span> <span class='ocrx_word' id='word_1_303' title='bbox 558 3217 716 3279; x_wconf 83' lang='lat' dir='ltr'><strong>latitudinem,</strong></span> <span class='ocrx_word' id='word_1_304' title='bbox 728 3219 774 3270; x_wconf 85' lang='lat' dir='ltr'><strong>N&#39;·’.</strong></span> <span class='ocrx_word' id='word_1_305' title='bbox 792 3259 824 3268; x_wconf 85' lang='lat'><strong>..</strong></span> <span class='ocrx_word' id='word_1_306' title='bbox 842 3234 1008 3282; x_wconf 77' lang='lat' dir='ltr'><strong>mortuumque,</strong></span> <span class='ocrx_word' id='word_1_307' title='bbox 1020 3223 1065 3274; x_wconf 84' lang='lat' dir='ltr'><strong>N¹.</strong></span> 
     </span>
    </p>

    <p class='ocr_par' dir='ltr' id='par_1_7' title="bbox 146 3283 1274 4304">
     <span class='ocr_line' id='line_1_33' title="bbox 183 3283 1272 3356; baseline 0.003 -17"><span class='ocrx_word' id='word_1_308' title='bbox 183 3288 257 3349; x_wconf 68' lang='lat' dir='ltr'><strong>§aa</strong></span> <span class='ocrx_word' id='word_1_309' title='bbox 286 3287 322 3348; x_wconf 79' lang='lat' dir='ltr'><strong>in,</strong></span> <span class='ocrx_word' id='word_1_310' title='bbox 338 3288 457 3339; x_wconf 67' lang='lat' dir='ltr'><strong>amad.</strong></span> <span class='ocrx_word' id='word_1_311' title='bbox 481 3296 516 3349; x_wconf 87' lang='lat' dir='ltr'><strong>ut,</strong></span> <span class='ocrx_word' id='word_1_312' title='bbox 532 3289 577 3339; x_wconf 73' lang='lat' dir='ltr'><strong>Ill</strong></span> <span class='ocrx_word' id='word_1_313' title='bbox 596 3327 628 3337; x_wconf 87' lang='lat'><strong>..</strong></span> <span class='ocrx_word' id='word_1_314' title='bbox 648 3285 795 3350; x_wconf 84' lang='lat' dir='ltr'><strong>praecipua,</strong></span> <span class='ocrx_word' id='word_1_315' title='bbox 813 3287 843 3337; x_wconf 87' lang='lat' dir='ltr'><strong>T.</strong></span> <span class='ocrx_word' id='word_1_316' title='bbox 866 3327 898 3335; x_wconf 88' lang='lat'><strong>..</strong></span> <span class='ocrx_word' id='word_1_317' title='bbox 922 3286 971 3350; x_wconf 83' lang='lat' dir='ltr'><strong>qui,</strong></span> <span class='ocrx_word' id='word_1_318' title='bbox 986 3283 1016 3349; x_wconf 80' lang='grc' dir='ltr'><strong>β.</strong></span> <span class='ocrx_word' id='word_1_319' title='bbox 1035 3330 1067 3340; x_wconf 84' lang='grc'><strong>..</strong></span> <span class='ocrx_word' id='word_1_320' title='bbox 1090 3291 1160 3342; x_wconf 80' lang='lat' dir='ltr'><strong>ostiir</strong></span> <span class='ocrx_word' id='word_1_321' title='bbox 1176 3290 1272 3356; x_wconf 83' lang='lat' dir='ltr'><strong>dedere,</strong></span> 
     </span>
     <span class='ocr_line' id='line_1_34' title="bbox 147 3350 1271 3423; baseline 0.004 -16"><span class='ocrx_word' id='word_1_322' title='bbox 147 3357 252 3408; x_wconf 77' lang='lat' dir='ltr'><strong>RDao</strong></span> <span class='ocrx_word' id='word_1_323' title='bbox 271 3353 360 3408; x_wconf 77' lang='lat' dir='ltr'><strong>dedero</strong></span> <span class='ocrx_word' id='word_1_324' title='bbox 371 3357 448 3417; x_wconf 72' lang='lat' dir='ltr'><strong>ostiu,</strong></span> <span class='ocrx_word' id='word_1_325' title='bbox 459 3350 511 3420; x_wconf 73' lang='grc' dir='ltr'><strong>βγ.</strong></span> <span class='ocrx_word' id='word_1_326' title='bbox 524 3396 556 3404; x_wconf 84' lang='grc'><strong>-</strong></span> <span class='ocrx_word' id='word_1_327' title='bbox 575 3355 645 3419; x_wconf 77' lang='lat' dir='ltr'><strong>XII,</strong></span> <span class='ocrx_word' id='word_1_328' title='bbox 656 3353 857 3404; x_wconf 66' lang='lat' dir='ltr'><strong>RDSTNau</strong></span> <span class='ocrx_word' id='word_1_329' title='bbox 876 3353 930 3423; x_wconf 68' lang='lat' dir='ltr'><strong>XI,</strong></span> <span class='ocrx_word' id='word_1_330' title='bbox 943 3350 1035 3419; x_wconf 68' lang='lat' dir='ltr'><strong>N²ssr.</strong></span> <span class='ocrx_word' id='word_1_331' title='bbox 1048 3398 1080 3408; x_wconf 92' lang='lat'><strong>..</strong></span> <span class='ocrx_word' id='word_1_332' title='bbox 1100 3360 1271 3422; x_wconf 76' lang='lat' dir='ltr'><strong>celeberribur,</strong></span> 
     </span>
     <span class='ocr_line' id='line_1_35' title="bbox 147 3417 1273 3487; baseline 0.002 -11"><span class='ocrx_word' id='word_1_333' title='bbox 147 3427 194 3476; x_wconf 69' lang='lat'><strong>1³¹.</strong></span> <span class='ocrx_word' id='word_1_334' title='bbox 206 3465 238 3475; x_wconf 87' lang='grc'><strong>..</strong></span> <span class='ocrx_word' id='word_1_335' title='bbox 252 3424 315 3486; x_wconf 74' lang='lat' dir='ltr'><strong>derb,</strong></span> <span class='ocrx_word' id='word_1_336' title='bbox 326 3424 381 3472; x_wconf 79' lang='lat' dir='ltr'><strong>Da.</strong></span> <span class='ocrx_word' id='word_1_337' title='bbox 400 3420 495 3481; x_wconf 84' lang='lat' dir='ltr'><strong>deinde,</strong></span> <span class='ocrx_word' id='word_1_338' title='bbox 508 3417 610 3486; x_wconf 68' lang='lat' dir='ltr'><strong>nostr.</strong></span> <span class='ocrx_word' id='word_1_339' title='bbox 624 3461 656 3469; x_wconf 82' lang='grc'>-</span> <span class='ocrx_word' id='word_1_340' title='bbox 673 3419 817 3481; x_wconf 74' lang='lat' dir='ltr'><strong>Subruitico,</strong></span> <span class='ocrx_word' id='word_1_341' title='bbox 829 3421 861 3468; x_wconf 86' lang='lat' dir='ltr'><strong>R.</strong></span> <span class='ocrx_word' id='word_1_342' title='bbox 875 3460 906 3469; x_wconf 82' lang='grc'><strong>..</strong></span> <span class='ocrx_word' id='word_1_343' title='bbox 922 3419 1273 3487; x_wconf 78' lang='lat' dir='ltr'><strong>Ptounutco,13orbar.1)a</strong></span> 
     </span>
     <span class='ocr_line' id='line_1_36' title="bbox 147 3485 1273 3551; baseline 0 -8"><span class='ocrx_word' id='word_1_344' title='bbox 147 3490 312 3551; x_wconf 85' lang='lat' dir='ltr'><strong>Phaumitico,</strong></span> <span class='ocrx_word' id='word_1_345' title='bbox 323 3492 356 3539; x_wconf 78' lang='lat'><strong>13.</strong></span> <span class='ocrx_word' id='word_1_346' title='bbox 381 3488 548 3549; x_wconf 76' lang='lat' dir='ltr'><strong>Pirammitico,</strong></span> <span class='ocrx_word' id='word_1_347' title='bbox 561 3491 585 3538; x_wconf 88' lang='lat' dir='ltr'><strong>d.</strong></span> <span class='ocrx_word' id='word_1_348' title='bbox 608 3485 764 3547; x_wconf 72' lang='lat' dir='ltr'><strong>Phaunitioa</strong></span> <span class='ocrx_word' id='word_1_349' title='bbox 777 3501 801 3536; x_wconf 89' lang='grc' dir='ltr'><strong>σ.</strong></span> <span class='ocrx_word' id='word_1_350' title='bbox 828 3485 968 3550; x_wconf 74' lang='lat' dir='ltr'><strong>Patrnitica</strong></span> <span class='ocrx_word' id='word_1_351' title='bbox 980 3489 1060 3541; x_wconf 83' lang='lat' dir='ltr'><strong>altera</strong></span> <span class='ocrx_word' id='word_1_352' title='bbox 1070 3493 1177 3542; x_wconf 87' lang='lat' dir='ltr'><strong>Barbari</strong></span> <span class='ocrx_word' id='word_1_353' title='bbox 1189 3496 1273 3545; x_wconf 88' lang='lat' dir='ltr'><strong>conie-</strong></span> 
     </span>
     <span class='ocr_line' id='line_1_37' title="bbox 148 3552 1273 3623; baseline 0.004 -15"><span class='ocrx_word' id='word_1_354' title='bbox 148 3567 227 3608; x_wconf 83' lang='lat' dir='ltr'><strong>ctura.</strong></span> <span class='ocrx_word' id='word_1_355' title='bbox 245 3597 277 3607; x_wconf 71' lang='grc'>-</span> <span class='ocrx_word' id='word_1_356' title='bbox 300 3555 410 3618; x_wconf 85' lang='lat' dir='ltr'><strong>Tautico,</strong></span> <span class='ocrx_word' id='word_1_357' title='bbox 425 3554 470 3607; x_wconf 69' lang='lat' dir='ltr'><strong>Rs.</strong></span> <span class='ocrx_word' id='word_1_358' title='bbox 501 3555 605 3618; x_wconf 84' lang='lat' dir='ltr'><strong>Tauico,</strong></span> <span class='ocrx_word' id='word_1_359' title='bbox 621 3569 645 3604; x_wconf 85' lang='lat' dir='ltr'><strong>a.</strong></span> <span class='ocrx_word' id='word_1_360' title='bbox 664 3595 696 3605; x_wconf 88' lang='lat'><strong>..</strong></span> <span class='ocrx_word' id='word_1_361' title='bbox 714 3552 816 3616; x_wconf 81' lang='lat' dir='ltr'><strong>Butios,</strong></span> <span class='ocrx_word' id='word_1_362' title='bbox 834 3568 857 3603; x_wconf 88' lang='grc' dir='ltr'><strong>σ.</strong></span> <span class='ocrx_word' id='word_1_363' title='bbox 883 3553 976 3615; x_wconf 86' lang='lat' dir='ltr'><strong>Buros,</strong></span> <span class='ocrx_word' id='word_1_364' title='bbox 992 3552 1020 3618; x_wconf 81' lang='grc' dir='ltr'><strong>β.</strong></span> <span class='ocrx_word' id='word_1_365' title='bbox 1041 3599 1070 3608; x_wconf 87' lang='grc'><strong>-</strong></span> <span class='ocrx_word' id='word_1_366' title='bbox 1094 3557 1273 3623; x_wconf 69' lang='lat' dir='ltr'><strong>Pharbaethos,</strong></span> 
     </span>
     <span class='ocr_line' id='line_1_38' title="bbox 148 3622 1273 3689; baseline 0.004 -15"><span class='ocrx_word' id='word_1_367' title='bbox 148 3626 198 3676; x_wconf 88' lang='lat' dir='ltr'><strong>rid.</strong></span> <span class='ocrx_word' id='word_1_368' title='bbox 210 3625 320 3675; x_wconf 89' lang='lat' dir='ltr'><strong>Ptolem.</strong></span> <span class='ocrx_word' id='word_1_369' title='bbox 338 3639 425 3687; x_wconf 82' lang='lat' dir='ltr'><strong>geogr.</strong></span> <span class='ocrx_word' id='word_1_370' title='bbox 437 3625 485 3674; x_wconf 89' lang='lat' dir='ltr'><strong>IV.</strong></span> <span class='ocrx_word' id='word_1_371' title='bbox 500 3629 523 3686; x_wconf 87' lang='lat'><strong>5,</strong></span> <span class='ocrx_word' id='word_1_372' title='bbox 537 3631 576 3675; x_wconf 80' lang='lat'><strong>52.</strong></span> <span class='ocrx_word' id='word_1_373' title='bbox 594 3623 740 3684; x_wconf 83' lang='lat' dir='ltr'><strong>Pharbetos,</strong></span> <span class='ocrx_word' id='word_1_374' title='bbox 752 3636 776 3674; x_wconf 83' lang='lat' dir='ltr'><strong>a.</strong></span> <span class='ocrx_word' id='word_1_375' title='bbox 799 3622 944 3684; x_wconf 78' lang='lat' dir='ltr'><strong>Pharbotoo,</strong></span> <span class='ocrx_word' id='word_1_376' title='bbox 955 3625 1039 3675; x_wconf 85' lang='lat' dir='ltr'><strong>BDa.</strong></span> <span class='ocrx_word' id='word_1_377' title='bbox 1057 3624 1207 3689; x_wconf 82' lang='lat' dir='ltr'><strong>Pharbutos,</strong></span> <span class='ocrx_word' id='word_1_378' title='bbox 1219 3630 1273 3680; x_wconf 87' lang='lat' dir='ltr'><strong>Td.</strong></span> 
     </span>
     <span class='ocr_line' id='line_1_39' title="bbox 149 3689 1272 3760; baseline 0.004 -18"><span class='ocrx_word' id='word_1_379' title='bbox 149 3733 180 3742; x_wconf 88' lang='grc'><strong>...</strong></span> <span class='ocrx_word' id='word_1_380' title='bbox 198 3692 374 3750; x_wconf 70' lang='lat' dir='ltr'><strong>Automula</strong></span> <span class='ocrx_word' id='word_1_381' title='bbox 393 3733 425 3742; x_wconf 84' lang='lat'><strong>..</strong></span> <span class='ocrx_word' id='word_1_382' title='bbox 443 3691 522 3754; x_wconf 75' lang='lat' dir='ltr'><strong>siaa,</strong></span> <span class='ocrx_word' id='word_1_383' title='bbox 534 3695 566 3742; x_wconf 88' lang='lat' dir='ltr'><strong>R.</strong></span> <span class='ocrx_word' id='word_1_384' title='bbox 585 3733 617 3742; x_wconf 85' lang='grc'><strong>..</strong></span> <span class='ocrx_word' id='word_1_385' title='bbox 636 3691 708 3755; x_wconf 82' lang='lat' dir='ltr'><strong>Siris,</strong></span> <span class='ocrx_word' id='word_1_386' title='bbox 724 3692 770 3742; x_wconf 68' lang='lat'><strong>13¹.</strong></span> <span class='ocrx_word' id='word_1_387' title='bbox 790 3730 819 3740; x_wconf 88' lang='lat'>-</span> <span class='ocrx_word' id='word_1_388' title='bbox 838 3689 994 3756; x_wconf 77' lang='lat' dir='ltr'><strong>Aphrodites,</strong></span> <span class='ocrx_word' id='word_1_389' title='bbox 1006 3695 1074 3743; x_wconf 87' lang='lat' dir='ltr'><strong>Pint.</strong></span> <span class='ocrx_word' id='word_1_390' title='bbox 1091 3693 1136 3744; x_wconf 88' lang='lat' dir='ltr'><strong>a&#39;d.</strong></span> <span class='ocrx_word' id='word_1_391' title='bbox 1162 3692 1272 3760; x_wconf 79' lang='lat' dir='ltr'><strong>Aphodi-</strong></span> 
     </span>
     <span class='ocr_line' id='line_1_40' title="bbox 149 3757 1273 3824; baseline 0.004 -15"><span class='ocrx_word' id='word_1_392' title='bbox 149 3769 194 3821; x_wconf 79' lang='lat' dir='ltr'><strong>too,</strong></span> <span class='ocrx_word' id='word_1_393' title='bbox 205 3761 238 3810; x_wconf 82' lang='lat' dir='ltr'><strong>R.</strong></span> <span class='ocrx_word' id='word_1_394' title='bbox 255 3757 414 3824; x_wconf 75' lang='lat' dir='ltr'><strong>Aphrodites,</strong></span> <span class='ocrx_word' id='word_1_395' title='bbox 425 3762 459 3811; x_wconf 91' lang='lat' dir='ltr'><strong>D.</strong></span> <span class='ocrx_word' id='word_1_396' title='bbox 470 3801 502 3809; x_wconf 91' lang='lat'><strong>..</strong></span> <span class='ocrx_word' id='word_1_397' title='bbox 531 3758 641 3821; x_wconf 86' lang='lat' dir='ltr'><strong>uiddam,</strong></span> <span class='ocrx_word' id='word_1_398' title='bbox 652 3762 676 3809; x_wconf 90' lang='lat' dir='ltr'><strong>d.</strong></span> <span class='ocrx_word' id='word_1_399' title='bbox 690 3800 722 3810; x_wconf 89' lang='lat'><strong>..</strong></span> <span class='ocrx_word' id='word_1_400' title='bbox 734 3757 944 3821; x_wconf 80' lang='lat' dir='ltr'><strong>Naucratiticum,</strong></span> <span class='ocrx_word' id='word_1_401' title='bbox 956 3760 981 3810; x_wconf 85' lang='lat' dir='ltr'>R</span> <span class='ocrx_word' id='word_1_402' title='bbox 992 3757 1039 3822; x_wconf 89' lang='lat' dir='ltr'><strong>(ex</strong></span> <span class='ocrx_word' id='word_1_403' title='bbox 1051 3759 1127 3824; x_wconf 87' lang='lat' dir='ltr'><strong>corr.)</strong></span> <span class='ocrx_word' id='word_1_404' title='bbox 1140 3762 1186 3812; x_wconf 87' lang='lat' dir='ltr'><strong>Sa.</strong></span> <span class='ocrx_word' id='word_1_405' title='bbox 1198 3760 1273 3814; x_wconf 89' lang='lat' dir='ltr'><strong>Nau-</strong></span> 
     </span>
     <span class='ocr_line' id='line_1_41' title="bbox 149 3821 1274 3891; baseline 0.006 -17"><span class='ocrx_word' id='word_1_406' title='bbox 149 3826 312 3877; x_wconf 79' lang='lat' dir='ltr'><strong>ueratisuude</strong></span> <span class='ocrx_word' id='word_1_407' title='bbox 324 3827 483 3887; x_wconf 78' lang='lat' dir='ltr'><strong>osuiude.</strong></span> <span class='ocrx_word' id='word_1_408' title='bbox 535 3827 696 3887; x_wconf 80' lang='lat' dir='ltr'><strong>eucraticum,</strong></span> <span class='ocrx_word' id='word_1_409' title='bbox 708 3821 737 3887; x_wconf 80' lang='grc' dir='ltr'><strong>β.</strong></span> <span class='ocrx_word' id='word_1_410' title='bbox 756 3867 788 3876; x_wconf 85' lang='grc'><strong>..</strong></span> <span class='ocrx_word' id='word_1_411' title='bbox 808 3824 928 3891; x_wconf 73' lang='lat' dir='ltr'><strong>Canopico</strong></span> <span class='ocrx_word' id='word_1_412' title='bbox 941 3827 1008 3890; x_wconf 83' lang='lat' dir='ltr'><strong>quod</strong></span> <span class='ocrx_word' id='word_1_413' title='bbox 1018 3826 1110 3879; x_wconf 86' lang='lat' dir='ltr'><strong>aliiH.</strong></span> <span class='ocrx_word' id='word_1_414' title='bbox 1123 3838 1216 3891; x_wconf 81' lang='lat' dir='ltr'><strong>vocant,</strong></span> <span class='ocrx_word' id='word_1_415' title='bbox 1233 3832 1274 3881; x_wconf 86' lang='lat' dir='ltr'><strong>cui</strong></span> 
     </span>
     <span class='ocr_line' id='line_1_42' title="bbox 150 3895 1271 3958; baseline 0.006 -15"><span class='ocrx_word' id='word_1_416' title='bbox 150 3895 365 3958; x_wconf 80' lang='lat' dir='ltr'><strong>-praeferentca,</strong></span> <span class='ocrx_word' id='word_1_417' title='bbox 381 3895 449 3945; x_wconf 87' lang='lat' dir='ltr'><strong>Pint.</strong></span> <span class='ocrx_word' id='word_1_418' title='bbox 461 3896 551 3945; x_wconf 87' lang='lat' dir='ltr'><strong>Dalec.</strong></span> <span class='ocrx_word' id='word_1_419' title='bbox 565 3895 658 3958; x_wconf 87' lang='lat' dir='ltr'><strong>partim</strong></span> <span class='ocrx_word' id='word_1_420' title='bbox 673 3896 833 3944; x_wconf 88' lang='lat' dir='ltr'><strong>assentiente.</strong></span> <span class='ocrx_word' id='word_1_421' title='bbox 852 3935 883 3945; x_wconf 87' lang='lat'><strong>..</strong></span> <span class='ocrx_word' id='word_1_422' title='bbox 903 3912 942 3956; x_wconf 81' lang='lat' dir='ltr'><strong>aa,</strong></span> <span class='ocrx_word' id='word_1_423' title='bbox 958 3897 1003 3946; x_wconf 67' lang='lat'><strong>3¹.</strong></span> <span class='ocrx_word' id='word_1_424' title='bbox 1023 3937 1055 3947; x_wconf 82' lang='lat'><strong>..</strong></span> <span class='ocrx_word' id='word_1_425' title='bbox 1077 3895 1153 3947; x_wconf 79' lang='lat'><em>0111.</em></span> <span class='ocrx_word' id='word_1_426' title='bbox 1173 3897 1219 3948; x_wconf 88' lang='lat' dir='ltr'><strong>VI.</strong></span> <span class='ocrx_word' id='word_1_427' title='bbox 1232 3897 1271 3950; x_wconf 80' lang='lat' dir='ltr'><strong>M.</strong></span> 
     </span>
     <span class='ocr_line' id='line_1_43' title="bbox 146 3960 1271 4030; baseline 0.008 -22"><span class='ocrx_word' id='word_1_428' title='bbox 146 3977 173 4025; x_wconf 88' lang='lat' dir='ltr'><strong>p.</strong></span> <span class='ocrx_word' id='word_1_429' title='bbox 182 3961 329 4026; x_wconf 79' lang='lat' dir='ltr'><strong>proximum,</strong></span> <span class='ocrx_word' id='word_1_430' title='bbox 341 3961 386 4012; x_wconf 89' lang='lat' dir='ltr'><strong>N².</strong></span> <span class='ocrx_word' id='word_1_431' title='bbox 410 3960 453 4012; x_wconf 86' lang='lat' dir='ltr'><strong>cui</strong></span> <span class='ocrx_word' id='word_1_432' title='bbox 469 3961 515 4012; x_wconf 88' lang='lat' dir='ltr'><strong>VI.</strong></span> <span class='ocrx_word' id='word_1_433' title='bbox 528 3961 566 4011; x_wconf 86' lang='lat' dir='ltr'><strong>M.</strong></span> <span class='ocrx_word' id='word_1_434' title='bbox 573 3980 601 4026; x_wconf 89' lang='lat' dir='ltr'><strong>p.</strong></span> <span class='ocrx_word' id='word_1_435' title='bbox 611 3962 748 4027; x_wconf 77' lang='lat' dir='ltr'><strong>proximum</strong></span> <span class='ocrx_word' id='word_1_436' title='bbox 760 3971 805 4023; x_wconf 75' lang='lat' dir='ltr'><strong>aar,</strong></span> <span class='ocrx_word' id='word_1_437' title='bbox 817 3963 889 4012; x_wconf 82' lang='lat' dir='ltr'><strong>Kro.</strong></span> <span class='ocrx_word' id='word_1_438' title='bbox 908 4005 940 4012; x_wconf 82' lang='lat'><em>-</em></span> <span class='ocrx_word' id='word_1_439' title='bbox 955 3964 1128 4030; x_wconf 79' lang='lat' dir='ltr'><strong>praefurcatis,</strong></span> <span class='ocrx_word' id='word_1_440' title='bbox 1139 3966 1173 4015; x_wconf 88' lang='lat' dir='ltr'><strong>D.</strong></span> <span class='ocrx_word' id='word_1_441' title='bbox 1196 3965 1228 4016; x_wconf 91' lang='lat' dir='ltr'><strong>In</strong></span> <span class='ocrx_word' id='word_1_442' title='bbox 1239 3980 1271 4017; x_wconf 83' lang='lat' dir='ltr'><strong>eo</strong></span> 
     </span>
     <span class='ocr_line' id='line_1_44' title="bbox 148 4026 1272 4097; baseline 0.005 -18"><span class='ocrx_word' id='word_1_443' title='bbox 148 4043 210 4079; x_wconf 89' lang='lat' dir='ltr'><strong>sano</strong></span> <span class='ocrx_word' id='word_1_444' title='bbox 221 4043 270 4092; x_wconf 82' lang='lat' dir='ltr'><strong>ego</strong></span> <span class='ocrx_word' id='word_1_445' title='bbox 279 4028 398 4078; x_wconf 84' lang='lat' dir='ltr'><strong>Pintiano</strong></span> <span class='ocrx_word' id='word_1_446' title='bbox 409 4031 540 4091; x_wconf 84' lang='lat' dir='ltr'><strong>assentior,</strong></span> <span class='ocrx_word' id='word_1_447' title='bbox 552 4032 621 4093; x_wconf 89' lang='lat' dir='ltr'><strong>quod</strong></span> <span class='ocrx_word' id='word_1_448' title='bbox 630 4033 661 4081; x_wconf 88' lang='lat' dir='ltr'><strong>de</strong></span> <span class='ocrx_word' id='word_1_449' title='bbox 672 4031 817 4092; x_wconf 85' lang='lat' dir='ltr'><strong>corruptela</strong></span> <span class='ocrx_word' id='word_1_450' title='bbox 827 4031 903 4081; x_wconf 88' lang='lat' dir='ltr'><strong>huius</strong></span> <span class='ocrx_word' id='word_1_451' title='bbox 914 4032 966 4080; x_wconf 90' lang='lat' dir='ltr'><strong>loci</strong></span> <span class='ocrx_word' id='word_1_452' title='bbox 977 4026 1105 4096; x_wconf 83' lang='lat' dir='ltr'><strong>cogitarit,</strong></span> <span class='ocrx_word' id='word_1_453' title='bbox 1118 4047 1272 4097; x_wconf 84' lang='lat' dir='ltr'><strong>quamquam</strong></span> 
     </span>
     <span class='ocr_line' id='line_1_45' title="bbox 148 4097 1272 4164; baseline 0.006 -18"><span class='ocrx_word' id='word_1_454' title='bbox 148 4112 234 4148; x_wconf 84' lang='lat' dir='ltr'><strong>veram</strong></span> <span class='ocrx_word' id='word_1_455' title='bbox 248 4097 317 4146; x_wconf 80' lang='lat' dir='ltr'><strong>viam</strong></span> <span class='ocrx_word' id='word_1_456' title='bbox 328 4111 380 4147; x_wconf 91' lang='lat' dir='ltr'><strong>non</strong></span> <span class='ocrx_word' id='word_1_457' title='bbox 397 4105 436 4147; x_wconf 85' lang='lat' dir='ltr'><strong>est</strong></span> <span class='ocrx_word' id='word_1_458' title='bbox 451 4098 586 4160; x_wconf 79' lang='lat' dir='ltr'><strong>ingressus.</strong></span> <span class='ocrx_word' id='word_1_459' title='bbox 603 4098 706 4150; x_wconf 81' lang='lat' dir='ltr'><strong>Scilicet</strong></span> <span class='ocrx_word' id='word_1_460' title='bbox 722 4097 829 4148; x_wconf 84' lang='lat' dir='ltr'><strong>offendit</strong></span> <span class='ocrx_word' id='word_1_461' title='bbox 845 4098 955 4161; x_wconf 88' lang='lat' dir='ltr'><strong>primum</strong></span> <span class='ocrx_word' id='word_1_462' title='bbox 971 4101 1043 4162; x_wconf 92' lang='lat' dir='ltr'><strong>illud,</strong></span> <span class='ocrx_word' id='word_1_463' title='bbox 1060 4103 1129 4164; x_wconf 90' lang='lat' dir='ltr'><strong>quod</strong></span> <span class='ocrx_word' id='word_1_464' title='bbox 1141 4116 1175 4153; x_wconf 87' lang='lat' dir='ltr'><strong>ex</strong></span> <span class='ocrx_word' id='word_1_465' title='bbox 1190 4103 1272 4153; x_wconf 84' lang='lat' dir='ltr'><strong>verbis</strong></span> 
     </span>
     <span class='ocr_line' id='line_1_46' title="bbox 150 4162 1271 4235; baseline 0.004 -19"><span class='ocrx_word' id='word_1_466' title='bbox 150 4162 352 4217; x_wconf 86' lang='lat' dir='ltr'><strong>Naucratiticum</strong></span> <span class='ocrx_word' id='word_1_467' title='bbox 363 4206 396 4215; x_wconf 80' lang='grc'>-</span> <span class='ocrx_word' id='word_1_468' title='bbox 407 4164 608 4217; x_wconf 84' lang='lat' dir='ltr'><strong>Heracleoticum</strong></span> <span class='ocrx_word' id='word_1_469' title='bbox 623 4180 676 4216; x_wconf 90' lang='lat' dir='ltr'><strong>non</strong></span> <span class='ocrx_word' id='word_1_470' title='bbox 687 4171 766 4229; x_wconf 86' lang='lat' dir='ltr'><strong>patet,</strong></span> <span class='ocrx_word' id='word_1_471' title='bbox 781 4167 822 4215; x_wconf 90' lang='lat' dir='ltr'><strong>cui</strong></span> <span class='ocrx_word' id='word_1_472' title='bbox 834 4168 936 4216; x_wconf 87' lang='lat' dir='ltr'><strong>tandem</strong></span> <span class='ocrx_word' id='word_1_473' title='bbox 953 4181 986 4217; x_wconf 84' lang='lat' dir='ltr'><strong>ex</strong></span> <span class='ocrx_word' id='word_1_474' title='bbox 998 4176 1094 4232; x_wconf 82' lang='lat' dir='ltr'><strong>septem</strong></span> <span class='ocrx_word' id='word_1_475' title='bbox 1106 4169 1178 4220; x_wconf 82' lang='lat' dir='ltr'><strong>ostiis</strong></span> <span class='ocrx_word' id='word_1_476' title='bbox 1194 4184 1271 4235; x_wconf 83' lang='lat' dir='ltr'><strong>snpra</strong></span> 
     </span>
     <span class='ocr_line' id='line_1_47' title="bbox 150 4233 1271 4304; baseline 0.003 -20"><span class='ocrx_word' id='word_1_477' title='bbox 150 4233 354 4285; x_wconf 86' lang='lat' dir='ltr'><strong>commemoratis</strong></span> <span class='ocrx_word' id='word_1_478' title='bbox 371 4235 467 4298; x_wconf 85' lang='lat' dir='ltr'><strong>duplex</strong></span> <span class='ocrx_word' id='word_1_479' title='bbox 483 4233 547 4287; x_wconf 86' lang='lat' dir='ltr'><strong>illud</strong></span> <span class='ocrx_word' id='word_1_480' title='bbox 558 4246 653 4285; x_wconf 87' lang='lat' dir='ltr'><strong>nomeu</strong></span> <span class='ocrx_word' id='word_1_481' title='bbox 665 4233 787 4285; x_wconf 82' lang='lat' dir='ltr'><strong>tributum</strong></span> <span class='ocrx_word' id='word_1_482' title='bbox 798 4233 886 4296; x_wconf 67' lang='lat' dir='ltr'><strong>luerim</strong></span> <span class='ocrx_word' id='word_1_483' title='bbox 902 4234 930 4285; x_wconf 89' lang='lat' dir='ltr'><strong>in</strong></span> <span class='ocrx_word' id='word_1_484' title='bbox 943 4235 994 4287; x_wconf 89' lang='lat' dir='ltr'><strong>illis</strong></span> <span class='ocrx_word' id='word_1_485' title='bbox 1012 4237 1079 4288; x_wconf 90' lang='lat' dir='ltr'><strong>enim</strong></span> <span class='ocrx_word' id='word_1_486' title='bbox 1087 4245 1188 4304; x_wconf 39' lang='lat' dir='ltr'><strong>*septem</strong></span> <span class='ocrx_word' id='word_1_487' title='bbox 1200 4237 1271 4290; x_wconf 86' lang='lat' dir='ltr'><strong>ostiis</strong></span> 
     </span>
    </p>
   </div>
   <div class='ocr_carea' id='block_1_6' title="bbox 0 0 1448 4794">
    <p class='ocr_par' dir='ltr' id='par_1_8' title="bbox 0 0 1448 4794">
     <span class='ocr_line' id='line_1_48' title="bbox 0 0 1448 4794; baseline 0 0"><span class='ocrx_word' id='word_1_488' title='bbox 0 0 1448 4794; x_wconf 95' lang='lat' dir='ltr'><strong> </strong></span> 
     </span>
    </p>
   </div>
  </div>
 </body>
</html>
