2888 4794
450 312 521 358 nm.
535 312 585 357 w.
614 311 691 358 oss.
708 313 770 358 xn.
800 310 896 356 sacr.
912 312 944 354 a.
959 311 990 354 a.
1213 291 1275 353 303

154 461 228 524 chro
257 460 449 539 veneranda,
477 460 676 546 longitudine
704 482 774 523 xxv
802 459 879 536 mil,
906 470 1000 523 antea
1026 458 1188 523 Phoenice
1216 480 1275 542 ap-

153 562 288 645 pellata3
331 558 433 638 Odia,
470 559 680 639 Oletandros,
719 558 830 644 Gyara
862 580 935 624 cum
966 559 1102 644 oppido,
1140 559 1276 623 circuitu

63 719 68 726 .
152 683 200 722 xn
228 661 293 725 mil.
321 684 492 746 passuum3
520 661 612 727 abest
627 661 679 726 ab
708 660 823 724 Andro
851 682 919 722 oxu
940 659 1006 722 mil.
1028 681 1113 744 pass.
1156 659 1211 751 Ab
1237 683 1276 727 ea

153 757 275 844 Syrnos
301 785 394 826 axxx
415 763 539 829 milium
566 784 729 847 passuum,
760 758 958 844 Cynaethos,
987 759 1084 824 Telos
1112 773 1276 848 unguento

151 863 288 939 nobilis,
320 885 340 926 a
368 861 564 930 Callimacho
591 863 779 950 Agathussa
811 861 991 946 appellata,
1024 860 1177 941 Donusa,
1210 861 1275 928 Pa-
1318 932 1324 937 ,

81 983 83 987 ·
153 973 235 1028 tmos
257 964 393 1030 circuitu
414 988 487 1029 xxx
507 967 573 1030 mil.
595 987 760 1051 passuum,
790 961 970 1041 Corassiae,
991 963 1185 1044 Lebinthus,
1207 964 1275 1052 Ιιθ-ι

152 1087 224 1142 ros,
261 1062 380 1129 Cinara
387 1092 396 1144 ;
437 1064 564 1131 Sicinus
597 1087 680 1150 quae
712 1076 806 1130 antea
840 1062 969 1143 Oenoe,
1006 1064 1159 1130 Hieracis
1192 1088 1276 1149 quae
1291 1083 1323 1130 to

153 1162 257 1243 Onus,
288 1163 392 1231 Casos
420 1187 501 1250 quae
522 1166 674 1245 Astrabe,
703 1164 846 1231 Cimolus
876 1187 959 1248 quae
980 1164 1172 1245 Echinussa,
1200 1165 1276 1232 Me-

151 1267 200 1330 los
231 1289 304 1330 cum
335 1268 456 1353 oppido
488 1291 584 1353 quam
612 1267 776 1331 Aristides
800 1265 979 1332 Memblida
1009 1266 1162 1353 appellat,
1197 1268 1276 1332 Ari·

152 1369 284 1432 stoteles
305 1366 516 1453 Zephyriam,
548 1366 764 1434 Callimachus
785 1365 979 1444 Mimallida,
1008 1366 1198 1433 Heraclides
1221 1366 1276 1433 Si·

150 1468 239 1552 phim
272 1479 305 1533 et
330 1467 478 1553 Acyton3
512 1453 594 1534 haec
622 1468 799 1533 insularum
831 1467 1059 1532 rotundissima
1091 1480 1149 1533 est.
1196 1467 1277 1534 Post

151 1566 297 1646 Machia,
332 1567 469 1653 Hypere
499 1570 659 1652 quondam
685 1566 820 1654 Patage,
856 1578 894 1630 ut
920 1567 983 1645 alii,
1011 1567 1157 1655 Phlege,
1191 1592 1276 1635 nunc

150 1667 312 1754 Amorgos
319 1693 328 1744 ;
356 1668 555 1755 Polyaegos,
581 1667 700 1751 Phyle,
729 1666 851 1743 Thera,
882 1689 954 1730 cum
984 1668 1122 1751 primum
1147 1669 1276 1735 emersit

152 1766 285 1834 Calliste
317 1769 413 1833 dicta.
460 1768 514 1832 Ex
547 1789 586 1832 ea
616 1766 725 1831 avolsa
757 1778 870 1851 postea
903 1765 1059 1832 Therasia
1094 1780 1191 1852 atque
1223 1770 1275 1833 in-

151 1880 200 1932 ter
226 1870 306 1933 duas
335 1880 430 1934 enata
450 1890 525 1934 mox
546 1863 736 1943 Automate,
766 1867 878 1930 eadem
898 1865 1017 1945 lliera,
1047 1880 1080 1933 et
1105 1870 1140 1932 in
1166 1882 1275 1936 nostro

151 1952 231 2034 aetio
259 1969 343 2034 Thia
374 1969 467 2035 iuxta
493 1969 623 2035 easdem
655 1979 757 2033 enata.
801 1964 912 2031 Distat
938 1967 993 2032 Ios
1022 1992 1042 2032 a
1068 1969 1175 2035 Thera
1203 1994 1274 2036 xxv

149 2070 272 2135 milium
299 2092 385 2157 pass.
436 2068 598 2135 Secuntur
625 2067 710 2146 Lea,
738 2066 894 2144 Ascania,
921 2067 1076 2154 Anaphe,
1104 2070 1319 2156 Hippuris.71

153 2289 213 2348 thus,
228 2289 285 2338 Ad.
308 2287 412 2348 clauus,
429 2289 461 2338 R.
486 2284 616 2350 Cpaethus,
632 2299 674 2334 rc.
696 2281 856 2348 Cpaethussa,
873 2278 902 2344 β.
921 2325 952 2333 -
976 2283 1055 2347 Telos,
1072 2289 1176 2341 Barbas.
1189 2290 1274 2341 RAd.

151 2350 235 2414 arelas,
248 2370 271 2403 a.
291 2396 323 2405 ,
341 2364 452 2418 uapeuto,
464 2354 545 2405 R¹A.
565 2395 596 2402 A
618 2350 773 2413 Callimacho,
786 2350 904 2414 fragmm.
917 2357 975 2401 895.
991 2353 1077 2403 Bentl.
1096 2397 1128 2419 ,.
1146 2356 1275 2420 Apathus·

150 2422 223 2480 sa,d.
241 2420 380 2484 Apalhuua
395 2422 444 2472 st
467 2419 606 2481 Acathusa,
623 2420 657 2471 A.
684 2417 806 2479 Gallae,
824 2420 894 2468 R¹a
918 2458 950 2468 ..
974 2420 1088 2482 Donusa,
1106 2427 1178 2474 codd.
1195 2426 1274 2476 Hard.

149 2483 332 2554 DonysaAss.
350 2488 522 2549 DcuisaRd.
542 2531 574 2538 -
591 2485 807 2547 Pothmos,R²K.
828 2528 859 2535 -
881 2485 1017 2550 Careamus,
1030 2489 1135 2541 Barbas.
1161 2489 1274 2554 Cerussa,

45 2584 49 2596 ·
149 2555 213 2603 ΒΑ.
235 2553 399 2618 Coruse,Td.
430 2555 571 2617 Carasaa.
597 2548 786 2618 Cerasiaefir.
806 2594 837 2602 A
860 2553 998 2614 Latmia,
1015 2559 1039 2606 d.
1063 2598 1095 2608 -
1118 2558 1206 2621 Leros,
1222 2562 1273 2610 via

149 2621 245 2671 Athen.
259 2628 283 2672 2.
294 2638 320 2687 p.
335 2627 374 2673 71.
396 2622 484 2684 Gerus,
496 2624 579 2674 RTd.
601 2621 690 2686 Gyras,
701 2620 757 2670 Aa.
777 2659 808 2668 ..
830 2618 934 2683 Oloura,
945 2622 1001 2672 Ad.
1027 2621 1151 2687 clinare,
1162 2628 1194 2675 R.
1216 2625 1274 2676 Chi-

149 2704 228 2750 mara,
241 2689 271 2738 Τ.
293 2687 402 2752 Quare,
412 2685 442 2749 β.
900 2737 903 2739 Α

183 2774 251 2834 §⁷⁰-
271 2771 445 2831 Siaaaaaa.
470 2769 742 2834 sepeulturae.
765 2765 940 2834 sperassem
964 2810 995 2820 ..
1021 2771 1106 2832 Oeneo,
1122 2775 1172 2823 vid
1184 2774 1272 2839 Steph.

149 2840 212 2901 Byz.
225 2855 244 2888 s.
256 2839 284 2887 h.
296 2854 320 2886 v.
341 2835 415 2898 osso,
427 2837 490 2888 BA.
509 2853 560 2897 cao,
572 2838 596 2887 d.
618 2836 704 2896 Ocnos,
717 2849 740 2885 a.
759 2875 791 2884 ..
809 2835 940 2897 Hieracia,
953 2839 976 2886 d.
998 2836 1143 2901 clamito,
1154 2841 1186 2890 R.
1214 2840 1274 2891 Che·

150 2905 226 2964 raa'a,
238 2919 263 2952 o.
285 2902 418 2964 Carachia,
430 2904 464 2954 A.
484 2944 515 2954 ..
536 2903 645 2954 Onus..
660 2902 763 2953 Cimolus
776 2917 840 2964 quae
852 2918 903 2952 om.
920 2906 944 2952 d.
962 2945 994 2953 -
1017 2903 1198 2968 Caesarue.
1225 2907 1273 2959 Co-

151 2967 296 3036 sualhstr.
310 3012 342 3022 ..
353 2971 538 3038 Astrabe,RA
551 2968 636 3032 (codd.
648 2967 766 3032 Barbas.)
784 2970 897 3030 Aclrahe,
909 2972 941 3020 K
960 2971 1102 3038 Astrapale,
1114 2988 1137 3023 0.
1151 3016 1182 3023 -
1195 2974 1273 3026 Echi·

150 3056 230 3100 cussa,
247 3042 271 3089 d
293 3037 429 3099 Echinusa,
451 3040 514 3089 ΒΑ.
536 3036 667 3099 Ohiuusso,
684 3054 703 3086 r.
727 3076 758 3086 -
782 3053 846 3101 quae
863 3038 1001 3101 uaristtilas,
1016 3039 1050 3089 A.
1072 3082 1103 3090 ..
1127 3040 1272 3105 Machlida,

151 3108 224 3157 codd.
236 3107 315 3157 Hard.
333 3103 477 3167 lamellae,
487 3107 566 3157 ATd
577 3103 664 3167 (codd.
682 3106 789 3156 Salmas.
806 3119 888 3154 exerc.
905 3120 931 3170 p.
949 3113 1006 3158 129.
1018 3110 1042 3158 b.
1054 3106 1102 3171 A.)
1123 3107 1272 3174 Mpmhlida,

151 3166 180 3222 θ.
198 3172 313 3235 Mattio,
325 3188 349 3223 σ.
371 3172 495 3236 Mmlida,
506 3175 538 3224 R.
556 3172 584 3223 B
599 3173 674 3232 blida,
685 3174 789 3225 Barbar.
801 3168 851 3237 βγ.
871 3214 903 3223 -
917 3173 1105 3238 Callimachus,
1116 3176 1233 3240 fragmm.
1246 3193 1271 3242 p.

151 3247 208 3291 396.
220 3242 305 3292 Bentl.
324 3282 356 3291 -
375 3240 468 3307 Siphin,
480 3242 514 3292 A.
533 3191 645 3304 sopitae,
657 3243 690 3292 R.
707 3237 787 3306 Sipia,
799 3243 823 3290 (1.
843 3239 971 3306 Siphnum,
981 3237 1035 3308 βγ.
1057 3244 1116 3293 Vid.
1129 3245 1227 3296 Sinncr.
1240 3248 1273 3296 ad

149 3309 302 3359 Buondelm.
315 3309 362 3359 11.
375 3324 400 3373 p.
415 3314 471 3360 174.
493 3348 517 3356 -
544 3318 569 3358 et
579 3310 682 3373 Acptou,
694 3310 798 3359 Barbar.
819 3308 943 3370 otacilio,
955 3310 990 3359 A.
1012 3319 1037 3359 et
1052 3311 1126 3371 acilo,
1139 3315 1162 3362 d.
1186 3322 1209 3362 et
1219 3312 1272 3362 aei·

151 3376 217 3437 llam,
228 3391 253 3426 σ.
271 3377 356 3437 socia,
368 3378 399 3427 1³.
419 3417 450 3425 ..
468 3375 652 3436 rotundissima,
665 3376 714 3425 vid.
727 3376 808 3426 Solin.
823 3380 862 3434 11,
879 3381 919 3426 31.
933 3415 965 3424 -
982 3375 1046 3426 Post
1055 3376 1133 3440 Mica,
1144 3379 1169 3428 It
1180 3382 1194 3427 ¹.
1211 3379 1273 3430 Post

150 3442 346 3503 Micachia‚R².
368 3442 618 3508 Buportmhaciass
640 3440 836 3506 Bup'machia,
850 3443 873 3490 d
895 3443 995 3491 Locum
1007 3452 1154 3506 corruptum
1166 3461 1220 3495 esse
1232 3463 1271 3495 ar-

149 3511 229 3560 bitror
240 3519 266 3559 et
276 3512 389 3560 Plinium
401 3511 530 3574 scripsisse
541 3507 715 3574 Buporthmos,
727 3506 844 3568 Machia,
856 3515 885 3556 ut
893 3509 943 3558 sint
955 3509 1063 3559 duarum
1073 3511 1214 3561 insularum
1224 3529 1271 3563 no-

149 3578 226 3625 mina
236 3617 267 3625 -
276 3576 383 3642 Hypera,
395 3577 419 3626 (1.
451 3593 496 3641 per
508 3586 538 3638 et,
550 3577 583 3626 A.
602 3575 722 3642 hiperaei,
733 3579 765 3628 R.
783 3575 895 3640 Hypana,
907 3576 939 3625 Κ.
950 3616 982 3625 -
991 3575 1103 3625 Paucalo
1114 3586 1138 3626 et
1149 3587 1183 3638 ut,
1194 3580 1228 3629 K.
1238 3620 1271 3630 -

150 3641 297 3707 Palpoepos,
307 3645 411 3694 Barbas.
453 3645 566 3708 oliaepas,
579 3644 613 3694 A.
635 3643 768 3708 Polyepas,
781 3644 826 3692 da.
848 3641 920 3705 Pylie
929 3679 934 3691 .
943 3658 997 3706 pas,
1009 3644 1041 3693 R.
1060 3684 1091 3692 ..
1111 3641 1196 3710 Phyle,
1207 3647 1271 3696 Bar·

149 3710 202 3758 bar.
214 3723 237 3759 σ.
256 3708 356 3775 Sapyla
367 3711 430 3761 ΒΑ.
448 3710 545 3777 Sapile,
557 3712 581 3760 (1.
599 3750 631 3760 ..
654 3710 744 3773 troo,
755 3713 859 3762 Barbas.
872 3710 934 3761 ΒΑ.
957 3708 1029 3770 Tere,
1042 3711 1067 3759 d.
1081 3750 1112 3759 ..
1129 3712 1271 3774 Automala,

149 3777 182 3825 R.
203 3776 356 3837 Autariatae,
371 3793 395 3826 a.
414 3819 446 3827 -
465 3788 489 3828 et
503 3777 527 3826 ia
543 3788 622 3828 nostro
637 3819 668 3827 -
682 3778 790 3829 Hieram
807 3787 858 3827 om‘.
874 3790 898 3826 a.
917 3819 948 3826 -
977 3776 1052 3838 Thia,
1069 3781 1140 3828 codd.
1156 3779 1270 3830 Barbari.

155 3841 210 3902 Tio,
222 3843 256 3893 A.
283 3843 362 3903 Catia,
374 3846 426 3895 Td.
444 3845 476 3894 In
487 3847 512 3896 R
523 3862 617 3895 rasura.
637 3885 669 3893 -
688 3844 794 3906 easdem,
806 3845 868 3894 RA.
888 3844 984 3894 casdem
995 3844 1083 3906 Hiera,
1097 3846 1150 3895 Τὰ.
1169 3847 1271 3897 eoadem

149 3908 262 4035 fferam,
274 3912 353 4026 {add
370 3911 473 3961 Barbar.
489 3906 511 3970 β
515 3925 540 3975 7.
561 3952 591 3960 ..
611 3918 693 3971 enata,
710 3912 813 3963 Arda.
836 3909 934 3972 hecata,
946 3912 978 3960 R.
1000 3921 1068 3973 nata,
1081 3913 1153 3962 codd.
1165 3916 1270 3964 Barbar.

139 4036 144 4041 ⁴
175 3990 200 4040 γ.
220 4017 251 4026 .-
314 3994 365 4038 asa,
377 3978 409 4026 R.

184 4059 199 4120 5
213 4065 253 4112 71.
272 4059 402 4122 Secuntur,
413 4063 445 4111 R.
456 4101 487 4110 -
498 4060 575 4121 Lero,
585 4062 620 4111 A.
631 4103 662 4110 -
675 4062 790 4120 Ascania,
802 4062 836 4110 A.
847 4102 878 4110 -
888 4060 999 4126 Anaphe,
1011 4064 1115 4113 Barbas.
1127 4064 1161 4113 A.
1189 4063 1270 4114 Cano·

146 4126 203 4192 phe,
214 4121 343 4178 Barna
363 4169 394 4177 -
411 4127 533 4193 fflppuris
543 4128 681 4195 prurias,
693 4130 727 4180 A.
753 4128 882 4193 Hippuros
893 4125 996 4190 (manus
1007 4133 1118 4180 secunda
1128 4128 1270 4197 Hippuros)

151 4195 279 4260 Hipartus,
291 4198 322 4246 It.
340 4193 485 4261 Phipparus
496 4194 628 4260 Hipustas,
640 4201 663 4248 (1.
681 4196 810 4262 Hippasus
820 4195 980 4261 Hippurtusa,
991 4210 1016 4246 σ.
1038 4196 1164 4262 Hipparis
1174 4198 1269 4264 Hippo·

152 4260 255 4322 russea,
266 4259 295 4323 βε
318 4263 463 4314 &cundum
478 4278 575 4314 nomer
589 4272 620 4316 ut
636 4280 650 4314 e
667 4264 837 4328 dittographis
853 4271 936 4314 ortum
952 4265 1078 4328 expunxit
1092 4265 1170 4318 Hard.
1188 4281 1212 4330 r.
