<?xml version="1.0" encoding="UTF-8"?>
<!DOCTYPE html PUBLIC "-//W3C//DTD XHTML 1.0 Transitional//EN"
    "http://www.w3.org/TR/xhtml1/DTD/xhtml1-transitional.dtd">
<html xmlns="http://www.w3.org/1999/xhtml" xml:lang="en" lang="en">
 <head>
  <title>
</title>
<meta http-equiv="Content-Type" content="text/html;charset=utf-8" />
  <meta name='ocr-system' content='tesseract 3.04.00' />
  <meta name='ocr-capabilities' content='ocr_page ocr_carea ocr_par ocr_line ocrx_word'/>
</head>
<body>
  <div class='ocr_page' id='page_1' title='image "./cplinisecundina08plingoog_0209.png"; bbox 0 0 2888 4794; ppageno 0'>
   <div class='ocr_carea' id='block_1_1' title="bbox 138 281 909 346">
    <p class='ocr_par' dir='ltr' id='par_1_1' title="bbox 138 281 909 346">
     <span class='ocr_line' id='line_1_1' title="bbox 138 281 909 346; baseline -0.001 -2"><span class='ocrx_word' id='word_1_1' title='bbox 138 281 199 346; x_wconf 83' lang='lat' dir='ltr'><strong>tot</strong></span> <span class='ocrx_word' id='word_1_2' title='bbox 488 295 694 344; x_wconf 73' lang='lat' dir='ltr'><strong>uiuamus</strong></span> <span class='ocrx_word' id='word_1_3' title='bbox 715 296 909 343; x_wconf 79' lang='lat' dir='ltr'><strong>msronmn</strong></span> 
     </span>
    </p>
   </div>
   <div class='ocr_carea' id='block_1_2' title="bbox 136 446 1303 938">
    <p class='ocr_par' dir='ltr' id='par_1_2' title="bbox 136 446 1303 938">
     <span class='ocr_line' id='line_1_2' title="bbox 136 446 1303 535; baseline 0.001 -23"><span class='ocrx_word' id='word_1_4' title='bbox 136 449 213 535; x_wconf 93' lang='lat' dir='ltr'><strong>pido</strong></span> <span class='ocrx_word' id='word_1_5' title='bbox 235 461 323 514; x_wconf 89' lang='lat' dir='ltr'><strong>metu</strong></span> <span class='ocrx_word' id='word_1_6' title='bbox 345 448 501 534; x_wconf 84' lang='lat' dir='ltr'><strong>cupimus.</strong></span> <span class='ocrx_word' id='word_1_7' title='bbox 530 446 671 532; x_wconf 90' lang='lat' dir='ltr'><strong>Ideoque</strong></span> <span class='ocrx_word' id='word_1_8' title='bbox 694 447 790 512; x_wconf 89' lang='lat' dir='ltr'><strong>etiam</strong></span> <span class='ocrx_word' id='word_1_9' title='bbox 810 448 938 535; x_wconf 83' lang='lat' dir='ltr'><strong>publice</strong></span> <span class='ocrx_word' id='word_1_10' title='bbox 953 446 1069 515; x_wconf 77' lang='lat' dir='ltr'>Febris</span> <span class='ocrx_word' id='word_1_11' title='bbox 1091 448 1203 513; x_wconf 83' lang='lat' dir='ltr'><strong>lanum</strong></span> <span class='ocrx_word' id='word_1_12' title='bbox 1224 449 1259 512; x_wconf 89' lang='lat' dir='ltr'><strong>in</strong></span> <span class='ocrx_word' id='word_1_13' title='bbox 1274 469 1303 513; x_wconf 84' lang='lat' dir='ltr'><strong>ta</strong></span> 
     </span>
     <span class='ocr_line' id='line_1_3' title="bbox 136 546 1258 627; baseline 0.001 -14"><span class='ocrx_word' id='word_1_14' title='bbox 136 550 264 615; x_wconf 88' lang='lat' dir='ltr'><strong>Palatio</strong></span> <span class='ocrx_word' id='word_1_15' title='bbox 286 550 426 615; x_wconf 87' lang='lat' dir='ltr'><strong>dicatum</strong></span> <span class='ocrx_word' id='word_1_16' title='bbox 450 560 509 627; x_wconf 90' lang='lat' dir='ltr'><strong>est,</strong></span> <span class='ocrx_word' id='word_1_17' title='bbox 533 546 684 614; x_wconf 84' lang='lat' dir='ltr'>Orbonae</span> <span class='ocrx_word' id='word_1_18' title='bbox 705 549 748 613; x_wconf 90' lang='lat' dir='ltr'><strong>ad</strong></span> <span class='ocrx_word' id='word_1_19' title='bbox 770 551 883 617; x_wconf 88' lang='lat' dir='ltr'><strong>aedem</strong></span> <span class='ocrx_word' id='word_1_20' title='bbox 904 549 1028 614; x_wconf 90' lang='lat' dir='ltr'><strong>Larum</strong></span> <span class='ocrx_word' id='word_1_21' title='bbox 1049 572 1105 613; x_wconf 87' lang='lat' dir='ltr'><strong>ara</strong></span> <span class='ocrx_word' id='word_1_22' title='bbox 1127 559 1160 613; x_wconf 90' lang='lat' dir='ltr'><strong>et</strong></span> <span class='ocrx_word' id='word_1_23' title='bbox 1182 547 1258 614; x_wconf 88' lang='lat' dir='ltr'><strong>Ma-</strong></span> 
     </span>
     <span class='ocr_line' id='line_1_4' title="bbox 136 649 1260 736; baseline 0.001 -20"><span class='ocrx_word' id='word_1_24' title='bbox 136 654 187 717; x_wconf 90' lang='lat' dir='ltr'><strong>lae</strong></span> <span class='ocrx_word' id='word_1_25' title='bbox 208 651 372 717; x_wconf 77' lang='lat' dir='ltr'>Fortunae</span> <span class='ocrx_word' id='word_1_26' title='bbox 389 650 555 735; x_wconf 83' lang='lat' dir='ltr'><strong>Esquiliis.</strong></span> <span class='ocrx_word' id='word_1_27' title='bbox 588 649 806 732; x_wconf 72' lang='lat' dir='ltr'><strong>Quamobrem</strong></span> <span class='ocrx_word' id='word_1_28' title='bbox 827 651 928 717; x_wconf 92' lang='lat' dir='ltr'><strong>maior</strong></span> <span class='ocrx_word' id='word_1_29' title='bbox 949 651 1098 717; x_wconf 83' lang='lat' dir='ltr'><strong>caelitum</strong></span> <span class='ocrx_word' id='word_1_30' title='bbox 1120 651 1260 736; x_wconf 88' lang='lat' dir='ltr'><strong>populus</strong></span> 
     </span>
     <span class='ocr_line' id='line_1_5' title="bbox 138 751 1260 841; baseline 0.001 -24"><span class='ocrx_word' id='word_1_31' title='bbox 138 752 235 817; x_wconf 90' lang='lat' dir='ltr'><strong>etiam</strong></span> <span class='ocrx_word' id='word_1_32' title='bbox 256 776 353 837; x_wconf 91' lang='lat' dir='ltr'><strong>quam</strong></span> <span class='ocrx_word' id='word_1_33' title='bbox 373 752 537 816; x_wconf 92' lang='lat' dir='ltr'><strong>hominum</strong></span> <span class='ocrx_word' id='word_1_34' title='bbox 567 751 710 840; x_wconf 83' lang='lat' dir='ltr'><strong>intellegi</strong></span> <span class='ocrx_word' id='word_1_35' title='bbox 739 762 856 836; x_wconf 86' lang='lat' dir='ltr'><strong>potest,</strong></span> <span class='ocrx_word' id='word_1_36' title='bbox 886 775 960 818; x_wconf 87' lang='lat' dir='ltr'><strong>oum</strong></span> <span class='ocrx_word' id='word_1_37' title='bbox 986 752 1104 841; x_wconf 81' lang='lat' dir='ltr'><strong>singuli</strong></span> <span class='ocrx_word' id='word_1_38' title='bbox 1132 774 1260 837; x_wconf 90' lang='lat' dir='ltr'><strong>quoque</strong></span> 
     </span>
     <span class='ocr_line' id='line_1_6' title="bbox 137 851 1259 938; baseline 0 -19"><span class='ocrx_word' id='word_1_39' title='bbox 137 877 178 919; x_wconf 91' lang='lat' dir='ltr'><strong>ex</strong></span> <span class='ocrx_word' id='word_1_40' title='bbox 200 854 381 938; x_wconf 82' lang='lat' dir='ltr'><strong>semetipsis</strong></span> <span class='ocrx_word' id='word_1_41' title='bbox 401 853 533 919; x_wconf 90' lang='lat' dir='ltr'><strong>totidem</strong></span> <span class='ocrx_word' id='word_1_42' title='bbox 553 853 631 919; x_wconf 91' lang='lat' dir='ltr'><strong>deos</strong></span> <span class='ocrx_word' id='word_1_43' title='bbox 651 853 789 933; x_wconf 81' lang='lat' dir='ltr'><strong>satiant,</strong></span> <span class='ocrx_word' id='word_1_44' title='bbox 811 852 953 918; x_wconf 88' lang='lat' dir='ltr'><strong>Iunones</strong></span> <span class='ocrx_word' id='word_1_45' title='bbox 974 851 1160 937; x_wconf 90' lang='lat' dir='ltr'><strong>Geniosque</strong></span> <span class='ocrx_word' id='word_1_46' title='bbox 1181 855 1259 920; x_wconf 88' lang='lat' dir='ltr'><strong>ado·</strong></span> 
     </span>
    </p>
   </div>
   <div class='ocr_carea' id='block_1_3' title="bbox 29 954 1261 1041">
    <p class='ocr_par' dir='ltr' id='par_1_3' title="bbox 29 954 1261 1041">
     <span class='ocr_line' id='line_1_7' title="bbox 29 954 1261 1041; baseline -0.002 -20"><span class='ocrx_word' id='word_1_47' title='bbox 29 1030 35 1038; x_wconf 18' lang='lat'>⁵</span> <span class='ocrx_word' id='word_1_48' title='bbox 138 957 259 1040; x_wconf 87' lang='lat' dir='ltr'><strong>ptando</strong></span> <span class='ocrx_word' id='word_1_49' title='bbox 282 956 364 1033; x_wconf 91' lang='lat' dir='ltr'><strong>sibi,</strong></span> <span class='ocrx_word' id='word_1_50' title='bbox 387 966 501 1041; x_wconf 85' lang='lat' dir='ltr'><strong>gentes</strong></span> <span class='ocrx_word' id='word_1_51' title='bbox 523 977 598 1022; x_wconf 86' lang='lat' dir='ltr'><strong>vero</strong></span> <span class='ocrx_word' id='word_1_52' title='bbox 620 955 779 1040; x_wconf 85' lang='lat' dir='ltr'><strong>quaedam</strong></span> <span class='ocrx_word' id='word_1_53' title='bbox 800 954 949 1020; x_wconf 87' lang='lat' dir='ltr'><strong>animalia</strong></span> <span class='ocrx_word' id='word_1_54' title='bbox 975 966 1009 1022; x_wconf 91' lang='lat' dir='ltr'><strong>et</strong></span> <span class='ocrx_word' id='word_1_55' title='bbox 1034 955 1142 1040; x_wconf 88' lang='lat' dir='ltr'><strong>aliqua</strong></span> <span class='ocrx_word' id='word_1_56' title='bbox 1164 955 1261 1020; x_wconf 84' lang='lat' dir='ltr'><strong>etiam</strong></span> 
     </span>
    </p>
   </div>
   <div class='ocr_carea' id='block_1_4' title="bbox 137 1056 1260 1144">
    <p class='ocr_par' dir='ltr' id='par_1_4' title="bbox 137 1056 1260 1144">
     <span class='ocr_line' id='line_1_8' title="bbox 137 1056 1260 1144; baseline -0.001 -22"><span class='ocrx_word' id='word_1_57' title='bbox 137 1057 275 1122; x_wconf 89' lang='lat' dir='ltr'><strong>obsoena</strong></span> <span class='ocrx_word' id='word_1_58' title='bbox 296 1079 353 1142; x_wconf 95' lang='lat' dir='ltr'><strong>pro</strong></span> <span class='ocrx_word' id='word_1_59' title='bbox 376 1056 437 1121; x_wconf 92' lang='lat' dir='ltr'><strong>diis</strong></span> <span class='ocrx_word' id='word_1_60' title='bbox 459 1056 599 1122; x_wconf 85' lang='lat' dir='ltr'>habeant</span> <span class='ocrx_word' id='word_1_61' title='bbox 619 1079 657 1120; x_wconf 89' lang='lat' dir='ltr'><strong>ae</strong></span> <span class='ocrx_word' id='word_1_62' title='bbox 678 1057 778 1121; x_wconf 87' lang='lat' dir='ltr'><strong>multa</strong></span> <span class='ocrx_word' id='word_1_63' title='bbox 796 1056 884 1121; x_wconf 79' lang='lat' dir='ltr'><strong>(lietu</strong></span> <span class='ocrx_word' id='word_1_64' title='bbox 898 1056 1001 1143; x_wconf 84' lang='lat' dir='ltr'><strong>magis</strong></span> <span class='ocrx_word' id='word_1_65' title='bbox 1015 1056 1177 1144; x_wconf 81' lang='lat' dir='ltr'><strong>pudenda,</strong></span> <span class='ocrx_word' id='word_1_66' title='bbox 1201 1079 1260 1141; x_wconf 87' lang='lat' dir='ltr'><strong>per</strong></span> 
     </span>
    </p>
   </div>
   <div class='ocr_carea' id='block_1_5' title="bbox 138 1156 1309 2057">
    <p class='ocr_par' dir='ltr' id='par_1_5' title="bbox 138 1156 1309 2057">
     <span class='ocr_line' id='line_1_9' title="bbox 139 1156 1306 1244; baseline 0.003 -22"><span class='ocrx_word' id='word_1_67' title='bbox 139 1159 256 1224; x_wconf 84' lang='lat' dir='ltr'><strong>fetidas</strong></span> <span class='ocrx_word' id='word_1_68' title='bbox 277 1158 412 1244; x_wconf 79' lang='lat' dir='ltr'><strong>eaep&#39;as,</strong></span> <span class='ocrx_word' id='word_1_69' title='bbox 434 1159 497 1223; x_wconf 89' lang='lat' dir='ltr'><strong>alia</strong></span> <span class='ocrx_word' id='word_1_70' title='bbox 519 1168 552 1222; x_wconf 91' lang='lat' dir='ltr'><strong>et</strong></span> <span class='ocrx_word' id='word_1_71' title='bbox 572 1156 687 1222; x_wconf 87' lang='lat' dir='ltr'><strong>similia</strong></span> <span class='ocrx_word' id='word_1_72' title='bbox 707 1158 860 1222; x_wconf 87' lang='lat' dir='ltr'><strong>iurantes.</strong></span> <span class='ocrx_word' id='word_1_73' title='bbox 900 1157 1108 1224; x_wconf 85' lang='lat' dir='ltr'><strong>Matrimonia</strong></span> <span class='ocrx_word' id='word_1_74' title='bbox 1129 1157 1262 1243; x_wconf 90' lang='lat' dir='ltr'><strong>quidem</strong></span> <span class='ocrx_word' id='word_1_75' title='bbox 1277 1179 1306 1225; x_wconf 82' lang='lat'><strong>17</strong></span> 
     </span>
     <span class='ocr_line' id='line_1_10' title="bbox 138 1258 1263 1344; baseline 0.001 -21"><span class='ocrx_word' id='word_1_76' title='bbox 138 1261 222 1324; x_wconf 90' lang='lat' dir='ltr'><strong>inter</strong></span> <span class='ocrx_word' id='word_1_77' title='bbox 243 1260 321 1325; x_wconf 87' lang='lat' dir='ltr'><strong>deos</strong></span> <span class='ocrx_word' id='word_1_78' title='bbox 343 1260 431 1326; x_wconf 87' lang='lat' dir='ltr'><strong>aredi</strong></span> <span class='ocrx_word' id='word_1_79' title='bbox 454 1271 605 1344; x_wconf 87' lang='lat' dir='ltr'><strong>tantoque</strong></span> <span class='ocrx_word' id='word_1_80' title='bbox 626 1282 707 1325; x_wconf 86' lang='lat' dir='ltr'><strong>aevo</strong></span> <span class='ocrx_word' id='word_1_81' title='bbox 721 1258 826 1325; x_wconf 81' lang='lat' dir='ltr'><strong>exbis</strong></span> <span class='ocrx_word' id='word_1_82' title='bbox 840 1259 1000 1324; x_wconf 90' lang='lat' dir='ltr'><strong>neminem</strong></span> <span class='ocrx_word' id='word_1_83' title='bbox 1014 1259 1113 1339; x_wconf 84' lang='lat' dir='ltr'><strong>nasei,</strong></span> <span class='ocrx_word' id='word_1_84' title='bbox 1136 1269 1170 1325; x_wconf 90' lang='lat' dir='ltr'><strong>et</strong></span> <span class='ocrx_word' id='word_1_85' title='bbox 1184 1259 1263 1324; x_wconf 84' lang='lat' dir='ltr'><strong>alios</strong></span> 
     </span>
     <span class='ocr_line' id='line_1_11' title="bbox 144 1359 1261 1449; baseline -0.001 -23"><span class='ocrx_word' id='word_1_86' title='bbox 144 1383 215 1426; x_wconf 91' lang='lat' dir='ltr'><strong>esse</strong></span> <span class='ocrx_word' id='word_1_87' title='bbox 237 1361 438 1449; x_wconf 83' lang='lat' dir='ltr'><strong>grandaevos</strong></span> <span class='ocrx_word' id='word_1_88' title='bbox 459 1382 587 1446; x_wconf 83' lang='lat' dir='ltr'><strong>semper</strong></span> <span class='ocrx_word' id='word_1_89' title='bbox 608 1383 784 1446; x_wconf 79' lang='lat' dir='ltr'><strong>sanosque,</strong></span> <span class='ocrx_word' id='word_1_90' title='bbox 808 1360 886 1426; x_wconf 93' lang='lat' dir='ltr'><strong>alios</strong></span> <span class='ocrx_word' id='word_1_91' title='bbox 906 1359 1040 1426; x_wconf 87' lang='lat' dir='ltr'><strong>iuvenes</strong></span> <span class='ocrx_word' id='word_1_92' title='bbox 1061 1371 1158 1447; x_wconf 89' lang='lat' dir='ltr'><strong>atque</strong></span> <span class='ocrx_word' id='word_1_93' title='bbox 1180 1381 1261 1444; x_wconf 87' lang='lat' dir='ltr'><strong>pue-</strong></span> 
     </span>
     <span class='ocr_line' id='line_1_12' title="bbox 138 1460 1262 1548; baseline -0.002 -20"><span class='ocrx_word' id='word_1_94' title='bbox 138 1484 204 1541; x_wconf 89' lang='lat' dir='ltr'><strong>ros,</strong></span> <span class='ocrx_word' id='word_1_95' title='bbox 226 1463 287 1527; x_wconf 87' lang='lat' dir='ltr'><strong>atri</strong></span> <span class='ocrx_word' id='word_1_96' title='bbox 310 1461 433 1540; x_wconf 86' lang='lat' dir='ltr'><strong>eoloris,</strong></span> <span class='ocrx_word' id='word_1_97' title='bbox 457 1462 604 1548; x_wconf 85' lang='lat' dir='ltr'><strong>aligeros,</strong></span> <span class='ocrx_word' id='word_1_98' title='bbox 628 1462 768 1541; x_wconf 87' lang='lat' dir='ltr'><strong>olaudos,</strong></span> <span class='ocrx_word' id='word_1_99' title='bbox 791 1485 851 1529; x_wconf 86' lang='lat' dir='ltr'><strong>ovo</strong></span> <span class='ocrx_word' id='word_1_100' title='bbox 873 1460 977 1526; x_wconf 85' lang='lat' dir='ltr'><strong>editos</strong></span> <span class='ocrx_word' id='word_1_101' title='bbox 996 1472 1029 1526; x_wconf 91' lang='lat' dir='ltr'><strong>et</strong></span> <span class='ocrx_word' id='word_1_102' title='bbox 1047 1461 1179 1526; x_wconf 87' lang='lat' dir='ltr'><strong>alternis</strong></span> <span class='ocrx_word' id='word_1_103' title='bbox 1192 1460 1262 1526; x_wconf 90' lang='lat' dir='ltr'><strong>die-</strong></span> 
     </span>
     <span class='ocr_line' id='line_1_13' title="bbox 139 1562 1264 1649; baseline -0.003 -20"><span class='ocrx_word' id='word_1_104' title='bbox 139 1564 200 1631; x_wconf 89' lang='lat' dir='ltr'><strong>bus</strong></span> <span class='ocrx_word' id='word_1_105' title='bbox 227 1563 365 1629; x_wconf 88' lang='lat' dir='ltr'><strong>viventis</strong></span> <span class='ocrx_word' id='word_1_106' title='bbox 390 1564 639 1648; x_wconf 88' lang='lat' dir='ltr'><strong>morientisque,</strong></span> <span class='ocrx_word' id='word_1_107' title='bbox 667 1563 839 1649; x_wconf 86' lang='lat' dir='ltr'><strong>puerilium</strong></span> <span class='ocrx_word' id='word_1_108' title='bbox 860 1583 961 1647; x_wconf 86' lang='lat' dir='ltr'><strong>prope</strong></span> <span class='ocrx_word' id='word_1_109' title='bbox 983 1562 1264 1628; x_wconf 75' lang='lat' dir='ltr'><strong>deliramentorum</strong></span> 
     </span>
     <span class='ocr_line' id='line_1_14' title="bbox 139 1662 1262 1751; baseline -0.001 -21"><span class='ocrx_word' id='word_1_110' title='bbox 139 1675 208 1743; x_wconf 89' lang='lat' dir='ltr'><strong>est;</strong></span> <span class='ocrx_word' id='word_1_111' title='bbox 230 1666 288 1730; x_wconf 91' lang='lat' dir='ltr'><strong>sed</strong></span> <span class='ocrx_word' id='word_1_112' title='bbox 303 1687 401 1750; x_wconf 90' lang='lat' dir='ltr'><strong>super</strong></span> <span class='ocrx_word' id='word_1_113' title='bbox 423 1687 550 1730; x_wconf 90' lang='lat' dir='ltr'><strong>omnem</strong></span> <span class='ocrx_word' id='word_1_114' title='bbox 570 1665 792 1750; x_wconf 90' lang='lat' dir='ltr'><strong>inpudentiam</strong></span> <span class='ocrx_word' id='word_1_115' title='bbox 807 1663 963 1730; x_wconf 86' lang='lat' dir='ltr'><strong>adulteria</strong></span> <span class='ocrx_word' id='word_1_116' title='bbox 975 1663 1159 1751; x_wconf 85' lang='lat' dir='ltr'><strong>interipsos</strong></span> <span class='ocrx_word' id='word_1_117' title='bbox 1171 1662 1262 1750; x_wconf 80' lang='lat' dir='ltr'><strong>fingi,</strong></span> 
     </span>
     <span class='ocr_line' id='line_1_15' title="bbox 142 1765 1265 1856; baseline -0.001 -25"><span class='ocrx_word' id='word_1_118' title='bbox 142 1789 216 1833; x_wconf 84' lang='lat' dir='ltr'><strong>mox</strong></span> <span class='ocrx_word' id='word_1_119' title='bbox 238 1767 345 1856; x_wconf 84' lang='lat' dir='ltr'><strong>iurgia</strong></span> <span class='ocrx_word' id='word_1_120' title='bbox 366 1778 399 1834; x_wconf 86' lang='lat' dir='ltr'><strong>et</strong></span> <span class='ocrx_word' id='word_1_121' title='bbox 420 1766 514 1846; x_wconf 87' lang='lat' dir='ltr'><strong>odia,</strong></span> <span class='ocrx_word' id='word_1_122' title='bbox 545 1779 642 1853; x_wconf 89' lang='lat' dir='ltr'><strong>atque</strong></span> <span class='ocrx_word' id='word_1_123' title='bbox 663 1766 760 1832; x_wconf 82' lang='lat' dir='ltr'><strong>etiam</strong></span> <span class='ocrx_word' id='word_1_124' title='bbox 781 1766 940 1832; x_wconf 80' lang='lat' dir='ltr'><strong>furtorum</strong></span> <span class='ocrx_word' id='word_1_125' title='bbox 960 1787 1032 1831; x_wconf 90' lang='lat' dir='ltr'><strong>esse</strong></span> <span class='ocrx_word' id='word_1_126' title='bbox 1054 1777 1087 1831; x_wconf 89' lang='lat' dir='ltr'><strong>et</strong></span> <span class='ocrx_word' id='word_1_127' title='bbox 1107 1765 1265 1831; x_wconf 85' lang='lat' dir='ltr'><strong>soelerum</strong></span> 
     </span>
     <span class='ocr_line' id='line_1_16' title="bbox 141 1866 1309 1946; baseline 0.004 -14"><span class='ocrx_word' id='word_1_128' title='bbox 141 1868 282 1934; x_wconf 87' lang='lat' dir='ltr'><strong>numina.</strong></span> <span class='ocrx_word' id='word_1_129' title='bbox 318 1868 411 1935; x_wconf 93' lang='lat' dir='ltr'><strong>Deus</strong></span> <span class='ocrx_word' id='word_1_130' title='bbox 433 1880 483 1934; x_wconf 87' lang='lat' dir='ltr'><strong>est</strong></span> <span class='ocrx_word' id='word_1_131' title='bbox 503 1866 630 1934; x_wconf 78' lang='lat' dir='ltr'><strong>mortali</strong></span> <span class='ocrx_word' id='word_1_132' title='bbox 651 1868 761 1934; x_wconf 84' lang='lat' dir='ltr'><strong>iuvare</strong></span> <span class='ocrx_word' id='word_1_133' title='bbox 782 1868 967 1946; x_wconf 81' lang='lat' dir='ltr'><strong>mortalem,</strong></span> <span class='ocrx_word' id='word_1_134' title='bbox 990 1877 1024 1933; x_wconf 89' lang='lat' dir='ltr'><strong>et</strong></span> <span class='ocrx_word' id='word_1_135' title='bbox 1043 1866 1123 1932; x_wconf 86' lang='lat' dir='ltr'><strong>haee</strong></span> <span class='ocrx_word' id='word_1_136' title='bbox 1143 1867 1186 1931; x_wconf 88' lang='lat' dir='ltr'><strong>ad</strong></span> <span class='ocrx_word' id='word_1_137' title='bbox 1207 1889 1263 1931; x_wconf 88' lang='lat' dir='ltr'><strong>ae-</strong></span> <span class='ocrx_word' id='word_1_138' title='bbox 1279 1891 1309 1936; x_wconf 84' lang='lat' dir='ltr'><strong>le</strong></span> 
     </span>
     <span class='ocr_line' id='line_1_17' title="bbox 142 1967 1265 2057; baseline -0.002 -23"><span class='ocrx_word' id='word_1_139' title='bbox 142 1981 264 2036; x_wconf 90' lang='lat' dir='ltr'><strong>temam</strong></span> <span class='ocrx_word' id='word_1_140' title='bbox 293 1971 428 2057; x_wconf 86' lang='lat' dir='ltr'><strong>gloriam</strong></span> <span class='ocrx_word' id='word_1_141' title='bbox 455 1971 519 2035; x_wconf 86' lang='lat' dir='ltr'><strong>via.</strong></span> <span class='ocrx_word' id='word_1_142' title='bbox 556 1969 629 2035; x_wconf 88' lang='lat' dir='ltr'><strong>Hae</strong></span> <span class='ocrx_word' id='word_1_143' title='bbox 650 1992 798 2054; x_wconf 82' lang='lat' dir='ltr'><strong>proceres</strong></span> <span class='ocrx_word' id='word_1_144' title='bbox 819 1969 887 2035; x_wconf 89' lang='lat' dir='ltr'><strong>iere</strong></span> <span class='ocrx_word' id='word_1_145' title='bbox 908 1967 1055 2047; x_wconf 88' lang='lat' dir='ltr'><strong>Romani,</strong></span> <span class='ocrx_word' id='word_1_146' title='bbox 1077 1968 1148 2033; x_wconf 82' lang='lat' dir='ltr'><strong>&#39;hae</strong></span> <span class='ocrx_word' id='word_1_147' title='bbox 1176 1979 1265 2032; x_wconf 84' lang='lat' dir='ltr'><strong>nuno</strong></span> 
     </span>
    </p>
   </div>
   <div class='ocr_carea' id='block_1_6' title="bbox 141 2180 1266 2454">
    <p class='ocr_par' dir='ltr' id='par_1_6' title="bbox 141 2180 1266 2454">
     <span class='ocr_line' id='line_1_18' title="bbox 176 2180 1264 2249; baseline 0 -15"><span class='ocrx_word' id='word_1_148' title='bbox 176 2183 245 2245; x_wconf 81' lang='lat' dir='ltr'><strong>§ta</strong></span> <span class='ocrx_word' id='word_1_149' title='bbox 263 2182 362 2246; x_wconf 64' lang='lat' dir='ltr'><strong>Ferte,</strong></span> <span class='ocrx_word' id='word_1_150' title='bbox 374 2180 549 2249; x_wconf 70' lang='lat' dir='ltr'><strong>Putabog.</strong></span> <span class='ocrx_word' id='word_1_151' title='bbox 566 2183 648 2248; x_wconf 65' lang='grc' dir='ltr'><strong>Μή,</strong></span> <span class='ocrx_word' id='word_1_152' title='bbox 659 2182 689 2249; x_wconf 78' lang='grc' dir='ltr'><strong>β.</strong></span> <span class='ocrx_word' id='word_1_153' title='bbox 700 2187 761 2237; x_wconf 82' lang='lat' dir='ltr'><strong>viu</strong></span> <span class='ocrx_word' id='word_1_154' title='bbox 773 2187 827 2239; x_wconf 77' lang='lat' dir='ltr'><strong>cie.</strong></span> <span class='ocrx_word' id='word_1_155' title='bbox 839 2188 872 2238; x_wconf 80' lang='lat' dir='ltr'><strong>rt.</strong></span> <span class='ocrx_word' id='word_1_156' title='bbox 888 2188 922 2237; x_wconf 86' lang='lat' dir='ltr'><strong>D.</strong></span> <span class='ocrx_word' id='word_1_157' title='bbox 939 2192 964 2247; x_wconf 88' lang='lat' dir='ltr'><strong>a,</strong></span> <span class='ocrx_word' id='word_1_158' title='bbox 980 2191 1021 2235; x_wconf 75' lang='lat' dir='ltr'><strong>aa.</strong></span> <span class='ocrx_word' id='word_1_159' title='bbox 1038 2185 1119 2248; x_wconf 68' lang='lat' dir='ltr'><strong>uaga</strong></span> <span class='ocrx_word' id='word_1_160' title='bbox 1132 2191 1156 2244; x_wconf 82' lang='lat' dir='ltr'><strong>a,</strong></span> <span class='ocrx_word' id='word_1_161' title='bbox 1175 2191 1214 2235; x_wconf 90' lang='lat'><strong>11.</strong></span> <span class='ocrx_word' id='word_1_162' title='bbox 1233 2224 1264 2233; x_wconf 92' lang='lat'><strong>..</strong></span> 
     </span>
     <span class='ocr_line' id='line_1_19' title="bbox 145 2251 1265 2319; baseline -0.002 -15"><span class='ocrx_word' id='word_1_163' title='bbox 145 2252 267 2314; x_wconf 80' lang='lat' dir='ltr'><strong>Orbonae,</strong></span> <span class='ocrx_word' id='word_1_164' title='bbox 278 2253 339 2302; x_wconf 87' lang='lat' dir='ltr'><strong>abd</strong></span> <span class='ocrx_word' id='word_1_165' title='bbox 344 2268 368 2316; x_wconf 89' lang='lat' dir='ltr'><strong>g.</strong></span> <span class='ocrx_word' id='word_1_166' title='bbox 388 2253 472 2315; x_wconf 82' lang='lat' dir='ltr'><strong>bonae,</strong></span> <span class='ocrx_word' id='word_1_167' title='bbox 484 2255 583 2304; x_wconf 85' lang='lat' dir='ltr'><strong>Riehel.</strong></span> <span class='ocrx_word' id='word_1_168' title='bbox 602 2257 670 2315; x_wconf 90' lang='lat' dir='ltr'><strong>bone,</strong></span> <span class='ocrx_word' id='word_1_169' title='bbox 682 2271 706 2319; x_wconf 86' lang='lat' dir='ltr'><strong>p.</strong></span> <span class='ocrx_word' id='word_1_170' title='bbox 728 2252 857 2314; x_wconf 57' lang='lat' dir='ltr'><strong>anonae,</strong></span> <span class='ocrx_word' id='word_1_171' title='bbox 874 2255 905 2316; x_wconf 87' lang='lat' dir='ltr'><strong>P,</strong></span> <span class='ocrx_word' id='word_1_172' title='bbox 917 2255 988 2305; x_wconf 84' lang='lat' dir='ltr'><strong>ouius</strong></span> <span class='ocrx_word' id='word_1_173' title='bbox 999 2253 1108 2316; x_wconf 81' lang='lat' dir='ltr'><strong>margini</strong></span> <span class='ocrx_word' id='word_1_174' title='bbox 1123 2254 1200 2305; x_wconf 74' lang='lat' dir='ltr'><strong>verba</strong></span> <span class='ocrx_word' id='word_1_175' title='bbox 1214 2251 1265 2316; x_wconf 62' lang='lat' dir='ltr'><strong>⁴Or-</strong></span> 
     </span>
     <span class='ocr_line' id='line_1_20' title="bbox 141 2315 1266 2384; baseline 0 -14"><span class='ocrx_word' id='word_1_176' title='bbox 141 2323 222 2370; x_wconf 82' lang='lat' dir='ltr'><strong>bonae</strong></span> <span class='ocrx_word' id='word_1_177' title='bbox 246 2316 349 2384; x_wconf 78' lang='lat' dir='ltr'><strong>qnidam</strong></span> <span class='ocrx_word' id='word_1_178' title='bbox 368 2320 462 2370; x_wconf 86' lang='lat' dir='ltr'><strong>malunt</strong></span> <span class='ocrx_word' id='word_1_179' title='bbox 482 2321 608 2384; x_wconf 81' lang='lat' dir='ltr'><strong>adscripta</strong></span> <span class='ocrx_word' id='word_1_180' title='bbox 628 2330 694 2372; x_wconf 88' lang='lat' dir='ltr'><strong>sunt.</strong></span> <span class='ocrx_word' id='word_1_181' title='bbox 729 2323 806 2373; x_wconf 90' lang='lat' dir='ltr'><strong>Delet</strong></span> <span class='ocrx_word' id='word_1_182' title='bbox 833 2323 944 2373; x_wconf 89' lang='lat' dir='ltr'><strong>Pintian.</strong></span> <span class='ocrx_word' id='word_1_183' title='bbox 972 2361 1003 2369; x_wconf 86' lang='grc'><strong>..</strong></span> <span class='ocrx_word' id='word_1_184' title='bbox 1029 2315 1138 2381; x_wconf 85' lang='lat' dir='ltr'><strong>Larum,</strong></span> <span class='ocrx_word' id='word_1_185' title='bbox 1158 2316 1266 2382; x_wconf 79' lang='lat' dir='ltr'><strong>Pabgp</strong></span> 
     </span>
     <span class='ocr_line' id='line_1_21' title="bbox 141 2386 1266 2454; baseline 0.002 -18"><span class='ocrx_word' id='word_1_186' title='bbox 141 2386 229 2450; x_wconf 77' lang='lat' dir='ltr'><strong>(codd.</strong></span> <span class='ocrx_word' id='word_1_187' title='bbox 245 2388 376 2438; x_wconf 80' lang='lat' dir='ltr'><strong>Leidenss.</strong></span> <span class='ocrx_word' id='word_1_188' title='bbox 397 2403 437 2452; x_wconf 89' lang='lat' dir='ltr'><strong>sp.</strong></span> <span class='ocrx_word' id='word_1_189' title='bbox 455 2389 570 2440; x_wconf 87' lang='lat' dir='ltr'><strong>Oudend.</strong></span> <span class='ocrx_word' id='word_1_190' title='bbox 591 2391 624 2439; x_wconf 83' lang='lat' dir='ltr'><strong>sd</strong></span> <span class='ocrx_word' id='word_1_191' title='bbox 644 2390 714 2440; x_wconf 76' lang='lat' dir='ltr'><strong>Suet.</strong></span> <span class='ocrx_word' id='word_1_192' title='bbox 732 2391 809 2441; x_wconf 89' lang='lat' dir='ltr'><strong>Dom.</strong></span> <span class='ocrx_word' id='word_1_193' title='bbox 829 2394 877 2451; x_wconf 79' lang='lat'><strong>17,</strong></span> <span class='ocrx_word' id='word_1_194' title='bbox 890 2402 965 2454; x_wconf 87' lang='lat' dir='ltr'><strong>quem</strong></span> <span class='ocrx_word' id='word_1_195' title='bbox 976 2389 1026 2440; x_wconf 77' lang='lat' dir='ltr'><strong>vid.</strong></span> <span class='ocrx_word' id='word_1_196' title='bbox 1039 2389 1116 2438; x_wconf 87' lang='lat' dir='ltr'><strong>stiam</strong></span> <span class='ocrx_word' id='word_1_197' title='bbox 1127 2389 1161 2438; x_wconf 90' lang='lat' dir='ltr'><strong>sd</strong></span> <span class='ocrx_word' id='word_1_198' title='bbox 1172 2387 1266 2449; x_wconf 66' lang='lat' dir='ltr'><strong>Obrue.</strong></span> 
     </span>
    </p>
   </div>
   <div class='ocr_carea' id='block_1_7' title="bbox 99 2482 1278 4353">
    <p class='ocr_par' dir='ltr' id='par_1_7' title="bbox 99 2482 1269 3067">
     <span class='ocr_line' id='line_1_22' title="bbox 143 2482 1267 2600; baseline -0.001 -27"><span class='ocrx_word' id='word_1_199' title='bbox 143 2526 215 2587; x_wconf 89' lang='lat' dir='ltr'><strong>prod.</strong></span> <span class='ocrx_word' id='word_1_200' title='bbox 238 2519 308 2584; x_wconf 88' lang='lat'><strong>101.)</strong></span> <span class='ocrx_word' id='word_1_201' title='bbox 328 2482 409 2584; x_wconf 44' lang='lat' dir='ltr'><strong>Lorii</strong></span> <span class='ocrx_word' id='word_1_202' title='bbox 429 2525 452 2572; x_wconf 83' lang='lat' dir='ltr'><strong>d</strong></span> <span class='ocrx_word' id='word_1_203' title='bbox 478 2523 593 2586; x_wconf 80' lang='lat' dir='ltr'><strong>Larium,</strong></span> <span class='ocrx_word' id='word_1_204' title='bbox 613 2519 664 2588; x_wconf 72' lang='grc' dir='ltr'><strong>βγ.</strong></span> <span class='ocrx_word' id='word_1_205' title='bbox 684 2565 715 2574; x_wconf 83' lang='grc'>-</span> <span class='ocrx_word' id='word_1_206' title='bbox 734 2540 783 2575; x_wconf 87' lang='lat' dir='ltr'><strong>ura</strong></span> <span class='ocrx_word' id='word_1_207' title='bbox 802 2534 831 2586; x_wconf 86' lang='lat' dir='ltr'><strong>et,</strong></span> <span class='ocrx_word' id='word_1_208' title='bbox 851 2525 982 2587; x_wconf 86' lang='lat' dir='ltr'><strong>Pabdgp</strong></span> <span class='ocrx_word' id='word_1_209' title='bbox 999 2521 1151 2600; x_wconf 76' lang='lat' dir='ltr'><strong>(Richelet.)</strong></span> <span class='ocrx_word' id='word_1_210' title='bbox 1170 2531 1195 2570; x_wconf 89' lang='lat' dir='ltr'><strong>et</strong></span> <span class='ocrx_word' id='word_1_211' title='bbox 1207 2539 1267 2583; x_wconf 87' lang='lat' dir='ltr'><strong>ara,</strong></span> 
     </span>
     <span class='ocr_line' id='line_1_23' title="bbox 142 2591 1267 2657; baseline -0.003 -15"><span class='ocrx_word' id='word_1_212' title='bbox 142 2591 222 2642; x_wconf 85' lang='lat' dir='ltr'><strong>Hadr.</strong></span> <span class='ocrx_word' id='word_1_213' title='bbox 234 2591 332 2652; x_wconf 89' lang='lat' dir='ltr'><strong>Iunius,</strong></span> <span class='ocrx_word' id='word_1_214' title='bbox 344 2592 469 2641; x_wconf 81' lang='lat' dir='ltr'><strong>animadv.</strong></span> <span class='ocrx_word' id='word_1_215' title='bbox 481 2598 505 2652; x_wconf 80' lang='lat'><strong>³,</strong></span> <span class='ocrx_word' id='word_1_216' title='bbox 520 2599 542 2642; x_wconf 93' lang='lat' dir='ltr'><strong>l.</strong></span> <span class='ocrx_word' id='word_1_217' title='bbox 553 2606 579 2657; x_wconf 76' lang='grc' dir='ltr'><strong>γ.</strong></span> <span class='ocrx_word' id='word_1_218' title='bbox 589 2632 622 2642; x_wconf 68' lang='grc'>-</span> <span class='ocrx_word' id='word_1_219' title='bbox 640 2591 709 2652; x_wconf 87' lang='lat' dir='ltr'><strong>male,</strong></span> <span class='ocrx_word' id='word_1_220' title='bbox 722 2595 768 2656; x_wconf 87' lang='lat' dir='ltr'><strong>dp.</strong></span> <span class='ocrx_word' id='word_1_221' title='bbox 788 2593 862 2653; x_wconf 88' lang='lat' dir='ltr'><strong>mala,</strong></span> <span class='ocrx_word' id='word_1_222' title='bbox 873 2593 969 2654; x_wconf 86' lang='lat' dir='ltr'><strong>Pabg.</strong></span> <span class='ocrx_word' id='word_1_223' title='bbox 990 2631 1021 2640; x_wconf 88' lang='lat'>-</span> <span class='ocrx_word' id='word_1_224' title='bbox 1040 2606 1071 2638; x_wconf 78' lang='lat' dir='ltr'><strong>er</strong></span> <span class='ocrx_word' id='word_1_225' title='bbox 1083 2593 1183 2654; x_wconf 77' lang='lat' dir='ltr'><strong>qartus,</strong></span> <span class='ocrx_word' id='word_1_226' title='bbox 1195 2606 1220 2654; x_wconf 87' lang='lat' dir='ltr'><strong>p.</strong></span> <span class='ocrx_word' id='word_1_227' title='bbox 1235 2628 1267 2639; x_wconf 74' lang='grc'><strong>.-</strong></span> 
     </span>
     <span class='ocr_line' id='line_1_24' title="bbox 142 2655 1268 2726; baseline -0.005 -15"><span class='ocrx_word' id='word_1_228' title='bbox 142 2659 262 2711; x_wconf 80' lang='lat' dir='ltr'><strong>bome‘num</strong></span> <span class='ocrx_word' id='word_1_229' title='bbox 274 2661 355 2720; x_wconf 84' lang='lat' dir='ltr'><strong>etiarn,</strong></span> <span class='ocrx_word' id='word_1_230' title='bbox 365 2659 395 2710; x_wconf 98' lang='grc' dir='ltr'><strong>Ρ.</strong></span> <span class='ocrx_word' id='word_1_231' title='bbox 409 2700 441 2709; x_wconf 90' lang='lat'><strong>..</strong></span> <span class='ocrx_word' id='word_1_232' title='bbox 451 2659 548 2722; x_wconf 82' lang='lat' dir='ltr'><strong>faeiat,</strong></span> <span class='ocrx_word' id='word_1_233' title='bbox 560 2673 584 2710; x_wconf 84' lang='grc' dir='ltr'><strong>σ.</strong></span> <span class='ocrx_word' id='word_1_234' title='bbox 597 2701 629 2710; x_wconf 91' lang='grc'><strong>..</strong></span> <span class='ocrx_word' id='word_1_235' title='bbox 650 2657 749 2720; x_wconf 79' lang='lat' dir='ltr'><strong>Genios,</strong></span> <span class='ocrx_word' id='word_1_236' title='bbox 765 2661 796 2710; x_wconf 94' lang='lat' dir='ltr'><strong>P.</strong></span> <span class='ocrx_word' id='word_1_237' title='bbox 810 2701 842 2709; x_wconf 84' lang='grc'>-</span> <span class='ocrx_word' id='word_1_238' title='bbox 858 2669 942 2726; x_wconf 72' lang='lat' dir='ltr'><strong>pentes</strong></span> <span class='ocrx_word' id='word_1_239' title='bbox 957 2658 982 2709; x_wconf 80' lang='lat' dir='ltr'><strong>si</strong></span> <span class='ocrx_word' id='word_1_240' title='bbox 998 2655 1128 2722; x_wconf 61' lang='lat' dir='ltr'><strong>maedam,</strong></span> <span class='ocrx_word' id='word_1_241' title='bbox 1145 2659 1225 2708; x_wconf 76' lang='lat' dir='ltr'><strong>P.--</strong></span> <span class='ocrx_word' id='word_1_242' title='bbox 1244 2665 1268 2706; x_wconf 85' lang='lat' dir='ltr'><strong>et</strong></span> 
     </span>
     <span class='ocr_line' id='line_1_25' title="bbox 141 2725 1266 2793; baseline -0.004 -15"><span class='ocrx_word' id='word_1_243' title='bbox 141 2726 233 2792; x_wconf 80' lang='lat' dir='ltr'><strong>aliqua</strong></span> <span class='ocrx_word' id='word_1_244' title='bbox 247 2725 327 2790; x_wconf 77' lang='lat' dir='ltr'><strong>aiam,</strong></span> <span class='ocrx_word' id='word_1_245' title='bbox 339 2728 476 2791; x_wconf 83' lang='lat' dir='ltr'><strong>Tabdgp.</strong></span> <span class='ocrx_word' id='word_1_246' title='bbox 494 2725 628 2793; x_wconf 84' lang='lat' dir='ltr'><strong>etreliqua</strong></span> <span class='ocrx_word' id='word_1_247' title='bbox 638 2728 717 2789; x_wconf 75' lang='lat' dir='ltr'><strong>etiarm</strong></span> <span class='ocrx_word' id='word_1_248' title='bbox 729 2729 758 2778; x_wconf 89' lang='lat' dir='ltr'><strong>P.</strong></span> <span class='ocrx_word' id='word_1_249' title='bbox 777 2729 848 2778; x_wconf 81' lang='lat' dir='ltr'><strong>etiam</strong></span> <span class='ocrx_word' id='word_1_250' title='bbox 859 2737 882 2777; x_wconf 88' lang='lat' dir='ltr'><strong>et</strong></span> <span class='ocrx_word' id='word_1_251' title='bbox 893 2727 1027 2790; x_wconf 71' lang='lat' dir='ltr'><strong>aliquas.</strong></span> <span class='ocrx_word' id='word_1_252' title='bbox 1045 2725 1136 2790; x_wconf 81' lang='lat' dir='ltr'><strong>aliqua</strong></span> <span class='ocrx_word' id='word_1_253' title='bbox 1151 2725 1266 2785; x_wconf 75' lang='lat' dir='ltr'><strong>etiamr.</strong></span> 
     </span>
     <span class='ocr_line' id='line_1_26' title="bbox 99 2791 1267 2859; baseline -0.005 -13"><span class='ocrx_word' id='word_1_254' title='bbox 99 2822 106 2830; x_wconf 77' lang='lat'><em>-</em></span> <span class='ocrx_word' id='word_1_255' title='bbox 144 2795 258 2846; x_wconf 82' lang='lat' dir='ltr'><strong>eteriam</strong></span> <span class='ocrx_word' id='word_1_256' title='bbox 274 2795 371 2858; x_wconf 81' lang='lat' dir='ltr'><strong>aliquo,</strong></span> <span class='ocrx_word' id='word_1_257' title='bbox 389 2798 492 2847; x_wconf 86' lang='lat' dir='ltr'><strong>Robert.</strong></span> <span class='ocrx_word' id='word_1_258' title='bbox 509 2795 583 2846; x_wconf 83' lang='lat' dir='ltr'><strong>etiam</strong></span> <span class='ocrx_word' id='word_1_259' title='bbox 598 2796 688 2859; x_wconf 84' lang='lat' dir='ltr'><strong>aliqua</strong></span> <span class='ocrx_word' id='word_1_260' title='bbox 704 2805 733 2858; x_wconf 89' lang='lat' dir='ltr'><strong>et,</strong></span> <span class='ocrx_word' id='word_1_261' title='bbox 748 2791 1004 2858; x_wconf 49' lang='grc' dir='ltr'><strong>βῶσαι-01111111</strong></span> <span class='ocrx_word' id='word_1_262' title='bbox 1014 2795 1065 2844; x_wconf 80' lang='lat' dir='ltr'><strong>viu</strong></span> <span class='ocrx_word' id='word_1_263' title='bbox 1078 2794 1110 2844; x_wconf 84' lang='lat' dir='ltr'><strong>sd</strong></span> <span class='ocrx_word' id='word_1_264' title='bbox 1120 2798 1161 2852; x_wconf 81' lang='lat' dir='ltr'><strong>sb,</strong></span> <span class='ocrx_word' id='word_1_265' title='bbox 1173 2799 1215 2842; x_wconf 75' lang='grc'><strong>35.</strong></span> <span class='ocrx_word' id='word_1_266' title='bbox 1235 2831 1267 2840; x_wconf 81' lang='grc'><strong>.-</strong></span> 
     </span>
     <span class='ocr_line' id='line_1_27' title="bbox 142 2856 1268 2929; baseline -0.004 -18"><span class='ocrx_word' id='word_1_267' title='bbox 142 2861 273 2929; x_wconf 71' lang='lat' dir='ltr'><strong>prodipiis,</strong></span> <span class='ocrx_word' id='word_1_268' title='bbox 286 2865 321 2912; x_wconf 92' lang='lat' dir='ltr'><strong>a¹.</strong></span> <span class='ocrx_word' id='word_1_269' title='bbox 342 2905 373 2912; x_wconf 84' lang='lat'><em>-</em></span> <span class='ocrx_word' id='word_1_270' title='bbox 391 2863 504 2924; x_wconf 77' lang='lat' dir='ltr'><strong>babeam,</strong></span> <span class='ocrx_word' id='word_1_271' title='bbox 518 2856 622 2927; x_wconf 74' lang='lat' dir='ltr'><strong>8a¹gr.</strong></span> <span class='ocrx_word' id='word_1_272' title='bbox 640 2863 738 2924; x_wconf 76' lang='lat' dir='ltr'><strong>babent,</strong></span> <span class='ocrx_word' id='word_1_273' title='bbox 749 2863 871 2927; x_wconf 84' lang='lat' dir='ltr'><strong>Pa²bdp</strong></span> <span class='ocrx_word' id='word_1_274' title='bbox 888 2859 1019 2926; x_wconf 78' lang='lat' dir='ltr'><strong>(Robert.)</strong></span> <span class='ocrx_word' id='word_1_275' title='bbox 1035 2858 1065 2924; x_wconf 79' lang='grc' dir='ltr'><strong>β.</strong></span> <span class='ocrx_word' id='word_1_276' title='bbox 1084 2902 1115 2911; x_wconf 89' lang='grc'><strong>..</strong></span> <span class='ocrx_word' id='word_1_277' title='bbox 1135 2858 1268 2925; x_wconf 60' lang='lat' dir='ltr'><strong>perss&#39;soeti-</strong></span> 
     </span>
     <span class='ocr_line' id='line_1_28' title="bbox 145 2923 1269 2996; baseline -0.006 -14"><span class='ocrx_word' id='word_1_278' title='bbox 145 2932 193 2982; x_wconf 79' lang='lat' dir='ltr'><strong>das</strong></span> <span class='ocrx_word' id='word_1_279' title='bbox 204 2946 285 2995; x_wconf 86' lang='lat' dir='ltr'><strong>cepas,</strong></span> <span class='ocrx_word' id='word_1_280' title='bbox 298 2930 360 2980; x_wconf 85' lang='lat' dir='ltr'><strong>allia</strong></span> <span class='ocrx_word' id='word_1_281' title='bbox 372 2929 543 2994; x_wconf 79' lang='lat' dir='ltr'><strong>(scribendum</strong></span> <span class='ocrx_word' id='word_1_282' title='bbox 552 2929 618 2992; x_wconf 81' lang='lat' dir='ltr'><strong>alia)</strong></span> <span class='ocrx_word' id='word_1_283' title='bbox 631 2940 654 2980; x_wconf 90' lang='lat' dir='ltr'><strong>et</strong></span> <span class='ocrx_word' id='word_1_284' title='bbox 665 2930 769 2992; x_wconf 85' lang='lat' dir='ltr'><strong>similia,</strong></span> <span class='ocrx_word' id='word_1_285' title='bbox 782 2925 811 2981; x_wconf 85' lang='grc' dir='ltr'><strong>θ.</strong></span> <span class='ocrx_word' id='word_1_286' title='bbox 820 2945 868 2996; x_wconf 89' lang='lat' dir='ltr'><strong>per</strong></span> <span class='ocrx_word' id='word_1_287' title='bbox 872 2930 981 2995; x_wconf 81' lang='lat' dir='ltr'><strong>foetidos</strong></span> <span class='ocrx_word' id='word_1_288' title='bbox 991 2930 1056 2980; x_wconf 74' lang='lat' dir='ltr'><strong>rebor</strong></span> <span class='ocrx_word' id='word_1_289' title='bbox 1067 2937 1092 2977; x_wconf 87' lang='lat' dir='ltr'><strong>et</strong></span> <span class='ocrx_word' id='word_1_290' title='bbox 1103 2929 1156 2978; x_wconf 82' lang='lat' dir='ltr'><strong>alia</strong></span> <span class='ocrx_word' id='word_1_291' title='bbox 1166 2923 1269 2988; x_wconf 82' lang='lat' dir='ltr'><strong>similia,</strong></span> 
     </span>
     <span class='ocr_line' id='line_1_29' title="bbox 144 2993 999 3067; baseline -0.002 -19"><span class='ocrx_word' id='word_1_292' title='bbox 144 2993 332 3061; x_wconf 70' lang='lat' dir='ltr'><strong>Pabdgpssr.</strong></span> <span class='ocrx_word' id='word_1_293' title='bbox 350 2999 389 3048; x_wconf 84' lang='lat' dir='ltr'><strong>At</strong></span> <span class='ocrx_word' id='word_1_294' title='bbox 398 2999 448 3067; x_wconf 75' lang='lat' dir='ltr'><strong>rid.</strong></span> <span class='ocrx_word' id='word_1_295' title='bbox 463 3003 502 3058; x_wconf 84' lang='lat' dir='ltr'><strong>te,</strong></span> <span class='ocrx_word' id='word_1_296' title='bbox 517 3005 573 3049; x_wconf 88' lang='lat'><strong>101.</strong></span> <span class='ocrx_word' id='word_1_297' title='bbox 592 2998 703 3049; x_wconf 85' lang='lat' dir='ltr'><strong>Salvian.</strong></span> <span class='ocrx_word' id='word_1_298' title='bbox 715 3001 819 3063; x_wconf 85' lang='lat' dir='ltr'><strong>gubern.</strong></span> <span class='ocrx_word' id='word_1_299' title='bbox 832 3000 872 3049; x_wconf 90' lang='lat' dir='ltr'><strong>dei</strong></span> <span class='ocrx_word' id='word_1_300' title='bbox 886 3005 908 3049; x_wconf 97' lang='grc'><strong>1.</strong></span> <span class='ocrx_word' id='word_1_301' title='bbox 921 3013 945 3062; x_wconf 90' lang='lat' dir='ltr'><strong>p.</strong></span> <span class='ocrx_word' id='word_1_302' title='bbox 958 3005 999 3048; x_wconf 79' lang='lat'><strong>³6.</strong></span> 
     </span>
    </p>

    <p class='ocr_par' dir='ltr' id='par_1_8' title="bbox 146 3064 1272 3403">
     <span class='ocr_line' id='line_1_30' title="bbox 179 3064 1269 3130; baseline -0.003 -16"><span class='ocrx_word' id='word_1_303' title='bbox 179 3064 194 3124; x_wconf 71' lang='grc'>5</span> <span class='ocrx_word' id='word_1_304' title='bbox 210 3070 249 3115; x_wconf 85' lang='grc'><strong>11.</strong></span> <span class='ocrx_word' id='word_1_305' title='bbox 267 3065 335 3126; x_wconf 86' lang='lat' dir='ltr'><strong>deas,</strong></span> <span class='ocrx_word' id='word_1_306' title='bbox 347 3067 376 3115; x_wconf 93' lang='lat' dir='ltr'><strong>P.</strong></span> <span class='ocrx_word' id='word_1_307' title='bbox 397 3105 428 3113; x_wconf 93' lang='grc'><strong>..</strong></span> <span class='ocrx_word' id='word_1_308' title='bbox 446 3065 509 3126; x_wconf 80' lang='lat' dir='ltr'><strong>erio,</strong></span> <span class='ocrx_word' id='word_1_309' title='bbox 520 3066 543 3116; x_wconf 88' lang='lat' dir='ltr'>P</span> <span class='ocrx_word' id='word_1_310' title='bbox 554 3069 568 3114; x_wconf 92' lang='lat'><strong>¹.</strong></span> <span class='ocrx_word' id='word_1_311' title='bbox 587 3082 654 3128; x_wconf 86' lang='lat' dir='ltr'><strong>aeuo,</strong></span> <span class='ocrx_word' id='word_1_312' title='bbox 666 3066 779 3117; x_wconf 86' lang='lat' dir='ltr'><strong>eiusdem</strong></span> <span class='ocrx_word' id='word_1_313' title='bbox 790 3069 824 3116; x_wconf 86' lang='lat' dir='ltr'><strong>ad</strong></span> <span class='ocrx_word' id='word_1_314' title='bbox 841 3068 982 3130; x_wconf 87' lang='lat' dir='ltr'><strong>marginem</strong></span> <span class='ocrx_word' id='word_1_315' title='bbox 998 3080 1089 3115; x_wconf 86' lang='lat' dir='ltr'><strong>manus</strong></span> <span class='ocrx_word' id='word_1_316' title='bbox 1105 3065 1223 3115; x_wconf 74' lang='lat' dir='ltr'><strong>secanda</strong></span> <span class='ocrx_word' id='word_1_317' title='bbox 1238 3102 1269 3111; x_wconf 80' lang='grc'>-</span> 
     </span>
     <span class='ocr_line' id='line_1_31' title="bbox 147 3130 1272 3199; baseline -0.001 -18"><span class='ocrx_word' id='word_1_318' title='bbox 147 3148 179 3181; x_wconf 78' lang='lat' dir='ltr'><strong>er</strong></span> <span class='ocrx_word' id='word_1_319' title='bbox 200 3132 245 3192; x_wconf 82' lang='lat' dir='ltr'><strong>eis,</strong></span> <span class='ocrx_word' id='word_1_320' title='bbox 265 3132 370 3182; x_wconf 86' lang='lat' dir='ltr'><strong>Robert.</strong></span> <span class='ocrx_word' id='word_1_321' title='bbox 399 3173 431 3181; x_wconf 83' lang='grc'><strong>-</strong></span> <span class='ocrx_word' id='word_1_322' title='bbox 457 3149 548 3197; x_wconf 82' lang='lat' dir='ltr'><strong>semper</strong></span> <span class='ocrx_word' id='word_1_323' title='bbox 567 3149 699 3197; x_wconf 82' lang='lat' dir='ltr'><strong>canosque,</strong></span> <span class='ocrx_word' id='word_1_324' title='bbox 719 3134 844 3199; x_wconf 88' lang='lat' dir='ltr'><strong>Psbgpr</strong></span> <span class='ocrx_word' id='word_1_325' title='bbox 864 3130 996 3196; x_wconf 76' lang='lat' dir='ltr'><strong>(Robert.)</strong></span> <span class='ocrx_word' id='word_1_326' title='bbox 1022 3147 1164 3197; x_wconf 78' lang='lat' dir='ltr'><strong>semperque</strong></span> <span class='ocrx_word' id='word_1_327' title='bbox 1184 3145 1272 3191; x_wconf 81' lang='lat' dir='ltr'><strong>casae,</strong></span> 
     </span>
     <span class='ocr_line' id='line_1_32' title="bbox 147 3194 1272 3266; baseline -0.002 -17"><span class='ocrx_word' id='word_1_328' title='bbox 147 3194 217 3262; x_wconf 69' lang='lat' dir='ltr'><strong>dssr.</strong></span> <span class='ocrx_word' id='word_1_329' title='bbox 239 3239 270 3246; x_wconf 84' lang='lat'><em>-</em></span> <span class='ocrx_word' id='word_1_330' title='bbox 288 3200 338 3248; x_wconf 85' lang='lat' dir='ltr'><strong>atri</strong></span> <span class='ocrx_word' id='word_1_331' title='bbox 348 3199 443 3260; x_wconf 72' lang='lat' dir='ltr'><strong>coloris,</strong></span> <span class='ocrx_word' id='word_1_332' title='bbox 455 3200 581 3263; x_wconf 83' lang='lat' dir='ltr'><strong>Tabgpr</strong></span> <span class='ocrx_word' id='word_1_333' title='bbox 592 3199 722 3264; x_wconf 87' lang='lat' dir='ltr'><strong>(Robert.)</strong></span> <span class='ocrx_word' id='word_1_334' title='bbox 735 3203 810 3253; x_wconf 82' lang='lat' dir='ltr'><strong>elteri</strong></span> <span class='ocrx_word' id='word_1_335' title='bbox 820 3200 927 3266; x_wconf 74' lang='lat' dir='ltr'><strong>aliperus</strong></span> <span class='ocrx_word' id='word_1_336' title='bbox 939 3199 1060 3266; x_wconf 79' lang='lat' dir='ltr'><strong>eorporis,</strong></span> <span class='ocrx_word' id='word_1_337' title='bbox 1071 3201 1101 3250; x_wconf 90' lang='lat' dir='ltr'><strong>P.</strong></span> <span class='ocrx_word' id='word_1_338' title='bbox 1114 3197 1272 3258; x_wconf 66' lang='lat' dir='ltr'><strong>attitularet,</strong></span> 
     </span>
     <span class='ocr_line' id='line_1_33' title="bbox 146 3261 1271 3334; baseline -0.002 -18"><span class='ocrx_word' id='word_1_339' title='bbox 146 3261 175 3328; x_wconf 75' lang='grc' dir='ltr'><strong>β.</strong></span> <span class='ocrx_word' id='word_1_340' title='bbox 199 3305 230 3314; x_wconf 92' lang='grc'><strong>..</strong></span> <span class='ocrx_word' id='word_1_341' title='bbox 253 3283 304 3327; x_wconf 88' lang='lat' dir='ltr'><strong>ouo,</strong></span> <span class='ocrx_word' id='word_1_342' title='bbox 321 3268 423 3317; x_wconf 70' lang='lat' dir='ltr'><strong>a²b²d</strong></span> <span class='ocrx_word' id='word_1_343' title='bbox 447 3270 513 3328; x_wconf 86' lang='lat' dir='ltr'><strong>bove,</strong></span> <span class='ocrx_word' id='word_1_344' title='bbox 530 3271 571 3318; x_wconf 72' lang='lat'><strong>(1².</strong></span> <span class='ocrx_word' id='word_1_345' title='bbox 595 3285 607 3318; x_wconf 91' lang='lat' dir='ltr'><strong>e</strong></span> <span class='ocrx_word' id='word_1_346' title='bbox 624 3272 691 3332; x_wconf 84' lang='lat' dir='ltr'><strong>boue,</strong></span> <span class='ocrx_word' id='word_1_347' title='bbox 709 3272 767 3333; x_wconf 82' lang='lat' dir='ltr'><strong>abg</strong></span> <span class='ocrx_word' id='word_1_348' title='bbox 784 3266 913 3334; x_wconf 86' lang='lat' dir='ltr'><strong>(Robert.)</strong></span> <span class='ocrx_word' id='word_1_349' title='bbox 931 3271 1032 3330; x_wconf 83' lang='lat' dir='ltr'><strong>etbove,</strong></span> <span class='ocrx_word' id='word_1_350' title='bbox 1043 3269 1073 3318; x_wconf 91' lang='grc' dir='ltr'><strong>Ρ.</strong></span> <span class='ocrx_word' id='word_1_351' title='bbox 1091 3269 1183 3327; x_wconf 78' lang='lat' dir='ltr'><strong>eborea,</strong></span> <span class='ocrx_word' id='word_1_352' title='bbox 1195 3281 1220 3330; x_wconf 88' lang='lat' dir='ltr'><strong>p.</strong></span> <span class='ocrx_word' id='word_1_353' title='bbox 1240 3305 1271 3314; x_wconf 91' lang='grc'><strong>..</strong></span> 
     </span>
     <span class='ocr_line' id='line_1_34' title="bbox 148 3333 1068 3403; baseline 0.008 -19"><span class='ocrx_word' id='word_1_354' title='bbox 148 3335 215 3384; x_wconf 85' lang='lat' dir='ltr'><strong>inter</strong></span> <span class='ocrx_word' id='word_1_355' title='bbox 226 3333 329 3399; x_wconf 63' lang='lat' dir='ltr'><strong>ipanus</strong></span> <span class='ocrx_word' id='word_1_356' title='bbox 346 3335 416 3385; x_wconf 87' lang='lat' dir='ltr'><strong>addit</strong></span> <span class='ocrx_word' id='word_1_357' title='bbox 426 3351 517 3386; x_wconf 86' lang='lat' dir='ltr'><strong>manus</strong></span> <span class='ocrx_word' id='word_1_358' title='bbox 529 3339 647 3387; x_wconf 76' lang='lat' dir='ltr'><strong>secunda</strong></span> <span class='ocrx_word' id='word_1_359' title='bbox 667 3378 698 3387; x_wconf 80' lang='grc'>-</span> <span class='ocrx_word' id='word_1_360' title='bbox 717 3346 788 3403; x_wconf 79' lang='lat' dir='ltr'><strong>atque</strong></span> <span class='ocrx_word' id='word_1_361' title='bbox 800 3339 826 3387; x_wconf 80' lang='lat' dir='ltr'><strong>in</strong></span> <span class='ocrx_word' id='word_1_362' title='bbox 833 3338 870 3400; x_wconf 87' lang='lat' dir='ltr'><strong>s.‚</strong></span> <span class='ocrx_word' id='word_1_363' title='bbox 882 3352 906 3401; x_wconf 88' lang='lat' dir='ltr'><strong>p.</strong></span> <span class='ocrx_word' id='word_1_364' title='bbox 1063 3370 1068 3377; x_wconf 86' lang='lat'><em>·</em></span> 
     </span>
    </p>

    <p class='ocr_par' dir='ltr' id='par_1_9' title="bbox 145 3398 1273 3606">
     <span class='ocr_line' id='line_1_35' title="bbox 182 3398 1272 3468; baseline -0.001 -17"><span class='ocrx_word' id='word_1_365' title='bbox 182 3398 197 3462; x_wconf 66' lang='grc' dir='ltr'><strong>ς</strong></span> <span class='ocrx_word' id='word_1_366' title='bbox 212 3406 250 3451; x_wconf 81' lang='grc'><strong>18.</strong></span> <span class='ocrx_word' id='word_1_367' title='bbox 272 3401 373 3463; x_wconf 81' lang='lat' dir='ltr'><strong>Decius,</strong></span> <span class='ocrx_word' id='word_1_368' title='bbox 390 3416 415 3451; x_wconf 78' lang='lat' dir='ltr'><strong>o.</strong></span> <span class='ocrx_word' id='word_1_369' title='bbox 439 3401 475 3453; x_wconf 79' lang='lat' dir='ltr'><strong>Ar</strong></span> <span class='ocrx_word' id='word_1_370' title='bbox 490 3405 513 3455; x_wconf 82' lang='lat' dir='ltr'><strong>si</strong></span> <span class='ocrx_word' id='word_1_371' title='bbox 528 3404 598 3467; x_wconf 86' lang='lat' dir='ltr'><strong>deus,</strong></span> <span class='ocrx_word' id='word_1_372' title='bbox 613 3420 633 3456; x_wconf 88' lang='lat' dir='ltr'><strong>r.</strong></span> <span class='ocrx_word' id='word_1_373' title='bbox 656 3407 808 3457; x_wconf 82' lang='lat' dir='ltr'><strong>Emendavit</strong></span> <span class='ocrx_word' id='word_1_374' title='bbox 823 3407 875 3456; x_wconf 87' lang='lat' dir='ltr'><strong>iarn</strong></span> <span class='ocrx_word' id='word_1_375' title='bbox 890 3405 1024 3468; x_wconf 78' lang='lat' dir='ltr'><strong>Barbarus</strong></span> <span class='ocrx_word' id='word_1_376' title='bbox 1043 3446 1074 3455; x_wconf 88' lang='lat'><strong>..</strong></span> <span class='ocrx_word' id='word_1_377' title='bbox 1093 3411 1124 3465; x_wconf 89' lang='lat' dir='ltr'><strong>et,</strong></span> <span class='ocrx_word' id='word_1_378' title='bbox 1137 3418 1189 3453; x_wconf 91' lang='lat' dir='ltr'><strong>om.</strong></span> <span class='ocrx_word' id='word_1_379' title='bbox 1201 3416 1221 3451; x_wconf 90' lang='lat' dir='ltr'><strong>r.</strong></span> <span class='ocrx_word' id='word_1_380' title='bbox 1240 3440 1272 3450; x_wconf 91' lang='lat'><strong>..</strong></span> 
     </span>
     <span class='ocr_line' id='line_1_36' title="bbox 145 3467 1273 3538; baseline -0.003 -18"><span class='ocrx_word' id='word_1_381' title='bbox 145 3486 257 3535; x_wconf 83' lang='lat' dir='ltr'><strong>proceres</strong></span> <span class='ocrx_word' id='word_1_382' title='bbox 269 3470 328 3532; x_wconf 81' lang='lat' dir='ltr'><strong>iere,</strong></span> <span class='ocrx_word' id='word_1_383' title='bbox 339 3467 592 3536; x_wconf 87' lang='lat' dir='ltr'><strong>Pabgp(Robert.)</strong></span> <span class='ocrx_word' id='word_1_384' title='bbox 607 3474 844 3538; x_wconf 64' lang='lat' dir='ltr'><strong>praecesseraut.</strong></span> <span class='ocrx_word' id='word_1_385' title='bbox 864 3513 895 3522; x_wconf 83' lang='lat'><strong>..</strong></span> <span class='ocrx_word' id='word_1_386' title='bbox 913 3474 983 3533; x_wconf 83' lang='lat' dir='ltr'><strong>bane,</strong></span> <span class='ocrx_word' id='word_1_387' title='bbox 1000 3473 1033 3522; x_wconf 81' lang='grc' dir='ltr'><strong>Τ.</strong></span> <span class='ocrx_word' id='word_1_388' title='bbox 1056 3484 1129 3532; x_wconf 67' lang='lat' dir='ltr'><strong>aar.</strong></span> <span class='ocrx_word' id='word_1_389' title='bbox 1158 3511 1189 3519; x_wconf 85' lang='lat'>-</span> <span class='ocrx_word' id='word_1_390' title='bbox 1214 3484 1273 3536; x_wconf 76' lang='lat' dir='ltr'><strong>pra·</strong></span> 
     </span>
     <span class='ocr_line' id='line_1_37' title="bbox 148 3531 1245 3606; baseline -0.001 -19"><span class='ocrx_word' id='word_1_391' title='bbox 148 3536 397 3598; x_wconf 82' lang='lat' dir='ltr'><strong>tiam‚om.1tobert.</strong></span> <span class='ocrx_word' id='word_1_392' title='bbox 416 3580 447 3590; x_wconf 90' lang='lat'><strong>..</strong></span> <span class='ocrx_word' id='word_1_393' title='bbox 466 3540 605 3591; x_wconf 75' lang='lat' dir='ltr'><strong>adscribat</strong></span> <span class='ocrx_word' id='word_1_394' title='bbox 635 3535 980 3606; x_wconf 70' lang='lat' dir='ltr'><strong>OPTatogrcutoben.)</strong></span> <span class='ocrx_word' id='word_1_395' title='bbox 997 3536 1182 3599; x_wconf 67' lang='lat' dir='ltr'><strong>adsentantur,</strong></span> <span class='ocrx_word' id='word_1_396' title='bbox 1215 3531 1245 3598; x_wconf 79' lang='grc' dir='ltr'><strong>β.</strong></span> 
     </span>
    </p>

    <p class='ocr_par' dir='ltr' id='par_1_10' title="bbox 149 3551 1278 4353">
     <span class='ocr_line' id='line_1_38' title="bbox 183 3551 1273 3671; baseline -0.003 -15"><span class='ocrx_word' id='word_1_397' title='bbox 183 3605 197 3667; x_wconf 69' lang='grc' dir='ltr'><strong>ξ</strong></span> <span class='ocrx_word' id='word_1_398' title='bbox 212 3611 251 3656; x_wconf 84' lang='grc'><strong>19.</strong></span> <span class='ocrx_word' id='word_1_399' title='bbox 270 3613 300 3665; x_wconf 87' lang='lat' dir='ltr'><strong>et,</strong></span> <span class='ocrx_word' id='word_1_400' title='bbox 314 3621 365 3656; x_wconf 92' lang='lat' dir='ltr'><strong>om.</strong></span> <span class='ocrx_word' id='word_1_401' title='bbox 377 3607 406 3656; x_wconf 90' lang='lat' dir='ltr'><strong>P.</strong></span> <span class='ocrx_word' id='word_1_402' title='bbox 426 3648 457 3656; x_wconf 82' lang='lat'><em>-</em></span> <span class='ocrx_word' id='word_1_403' title='bbox 476 3607 587 3671; x_wconf 76' lang='lat' dir='ltr'><strong>ultorum,</strong></span> <span class='ocrx_word' id='word_1_404' title='bbox 601 3551 685 3659; x_wconf 64' lang='lat' dir='ltr'><strong>da&#39;r.</strong></span> <span class='ocrx_word' id='word_1_405' title='bbox 703 3606 809 3659; x_wconf 77' lang='lat' dir='ltr'><strong>ninnium</strong></span> <span class='ocrx_word' id='word_1_406' title='bbox 820 3606 934 3669; x_wconf 83' lang='lat' dir='ltr'><strong>aliorum,</strong></span> <span class='ocrx_word' id='word_1_407' title='bbox 945 3608 1070 3671; x_wconf 84' lang='lat' dir='ltr'><strong>Ps²bdp</strong></span> <span class='ocrx_word' id='word_1_408' title='bbox 1079 3552 1212 3670; x_wconf 56' lang='lat' dir='ltr'><strong>(liuberti</strong></span> <span class='ocrx_word' id='word_1_409' title='bbox 1221 3599 1273 3668; x_wconf 79' lang='grc' dir='ltr'><strong>βγ.</strong></span> 
     </span>
     <span class='ocr_line' id='line_1_39' title="bbox 149 3673 1274 3741; baseline 0.001 -18"><span class='ocrx_word' id='word_1_410' title='bbox 149 3673 255 3724; x_wconf 82' lang='lat' dir='ltr'><strong>aliorum</strong></span> <span class='ocrx_word' id='word_1_411' title='bbox 271 3675 382 3735; x_wconf 81' lang='lat' dir='ltr'><strong>omnium,</strong></span> <span class='ocrx_word' id='word_1_412' title='bbox 399 3689 423 3737; x_wconf 91' lang='lat' dir='ltr'><strong>g.</strong></span> <span class='ocrx_word' id='word_1_413' title='bbox 444 3715 474 3724; x_wconf 84' lang='lat'><strong>..</strong></span> <span class='ocrx_word' id='word_1_414' title='bbox 493 3674 601 3728; x_wconf 81' lang='lat' dir='ltr'><strong>siderum</strong></span> <span class='ocrx_word' id='word_1_415' title='bbox 618 3676 701 3737; x_wconf 80' lang='lat' dir='ltr'><strong>retuli,</strong></span> <span class='ocrx_word' id='word_1_416' title='bbox 718 3677 770 3741; x_wconf 89' lang='lat' dir='ltr'><strong>Pp.</strong></span> <span class='ocrx_word' id='word_1_417' title='bbox 789 3717 820 3726; x_wconf 84' lang='lat'><strong>..</strong></span> <span class='ocrx_word' id='word_1_418' title='bbox 839 3675 895 3737; x_wconf 83' lang='lat' dir='ltr'><strong>sint,</strong></span> <span class='ocrx_word' id='word_1_419' title='bbox 911 3691 936 3740; x_wconf 86' lang='lat' dir='ltr'><strong>p.</strong></span> <span class='ocrx_word' id='word_1_420' title='bbox 955 3714 987 3726; x_wconf 79' lang='grc'><strong>..</strong></span> <span class='ocrx_word' id='word_1_421' title='bbox 1005 3675 1135 3736; x_wconf 69' lang='lat' dir='ltr'><strong>ambusta,</strong></span> <span class='ocrx_word' id='word_1_422' title='bbox 1152 3675 1195 3724; x_wconf 89' lang='lat' dir='ltr'><strong>ab.</strong></span> <span class='ocrx_word' id='word_1_423' title='bbox 1218 3688 1274 3721; x_wconf 72' lang='lat' dir='ltr'><strong>aaa</strong></span> 
     </span>
     <span class='ocr_line' id='line_1_40' title="bbox 149 3740 1275 3811; baseline -0.002 -20"><span class='ocrx_word' id='word_1_424' title='bbox 149 3741 330 3806; x_wconf 77' lang='lat' dir='ltr'><strong>leste,&#39;1&#39;Pdg.</strong></span> <span class='ocrx_word' id='word_1_425' title='bbox 348 3740 653 3811; x_wconf 61' lang='lat' dir='ltr'><strong>caelestipfflichelet,</strong></span> <span class='ocrx_word' id='word_1_426' title='bbox 681 3742 799 3807; x_wconf 87' lang='lat' dir='ltr'><strong>Robert.)</strong></span> <span class='ocrx_word' id='word_1_427' title='bbox 835 3785 867 3793; x_wconf 81' lang='grc'><strong>-</strong></span> <span class='ocrx_word' id='word_1_428' title='bbox 896 3741 1105 3803; x_wconf 82' lang='lat' dir='ltr'><strong>nomenclaturae,</strong></span> <span class='ocrx_word' id='word_1_429' title='bbox 1127 3755 1151 3790; x_wconf 84' lang='grc' dir='ltr'><strong>σ.</strong></span> <span class='ocrx_word' id='word_1_430' title='bbox 1169 3753 1275 3790; x_wconf 76' lang='lat' dir='ltr'><strong>¹ruornsen·</strong></span> 
     </span>
     <span class='ocr_line' id='line_1_41' title="bbox 149 3803 1275 3874; baseline 0.001 -16"><span class='ocrx_word' id='word_1_431' title='bbox 149 3810 277 3871; x_wconf 84' lang='lat' dir='ltr'><strong>culturam,</strong></span> <span class='ocrx_word' id='word_1_432' title='bbox 301 3812 368 3873; x_wconf 83' lang='lat' dir='ltr'><strong>abg.</strong></span> <span class='ocrx_word' id='word_1_433' title='bbox 392 3811 580 3873; x_wconf 86' lang='lat' dir='ltr'><strong>nomenculturu,</strong></span> <span class='ocrx_word' id='word_1_434' title='bbox 603 3813 657 3863; x_wconf 77' lang='grc' dir='ltr'><strong>Τὰ.</strong></span> <span class='ocrx_word' id='word_1_435' title='bbox 688 3827 772 3862; x_wconf 86' lang='lat' dir='ltr'><strong>nomen</strong></span> <span class='ocrx_word' id='word_1_436' title='bbox 795 3809 915 3871; x_wconf 85' lang='lat' dir='ltr'><strong>culturae,</strong></span> <span class='ocrx_word' id='word_1_437' title='bbox 938 3811 982 3874; x_wconf 89' lang='lat' dir='ltr'><strong>Pp</strong></span> <span class='ocrx_word' id='word_1_438' title='bbox 1005 3808 1129 3873; x_wconf 74' lang='lat' dir='ltr'><strong>(Riobe,</strong></span> <span class='ocrx_word' id='word_1_439' title='bbox 1157 3803 1275 3870; x_wconf 72' lang='lat' dir='ltr'><strong>Rosea)</strong></span> 
     </span>
     <span class='ocr_line' id='line_1_42' title="bbox 150 3877 1276 3944; baseline 0 -20"><span class='ocrx_word' id='word_1_440' title='bbox 150 3877 265 3927; x_wconf 80' lang='lat' dir='ltr'><strong>caelestes</strong></span> <span class='ocrx_word' id='word_1_441' title='bbox 278 3877 477 3939; x_wconf 82' lang='lat' dir='ltr'><strong>nomenenlturas,</strong></span> <span class='ocrx_word' id='word_1_442' title='bbox 504 3881 663 3943; x_wconf 74' lang='lat' dir='ltr'><strong>Dalseemp,</strong></span> <span class='ocrx_word' id='word_1_443' title='bbox 676 3881 720 3944; x_wconf 92' lang='lat' dir='ltr'><strong>qui</strong></span> <span class='ocrx_word' id='word_1_444' title='bbox 740 3879 843 3944; x_wconf 87' lang='lat' dir='ltr'><strong>quidem</strong></span> <span class='ocrx_word' id='word_1_445' title='bbox 859 3881 921 3943; x_wconf 86' lang='lat' dir='ltr'><strong>quid</strong></span> <span class='ocrx_word' id='word_1_446' title='bbox 935 3879 963 3928; x_wconf 89' lang='lat' dir='ltr'><strong>in</strong></span> <span class='ocrx_word' id='word_1_447' title='bbox 987 3880 1040 3928; x_wconf 85' lang='lat' dir='ltr'><strong>suis</strong></span> <span class='ocrx_word' id='word_1_448' title='bbox 1056 3879 1128 3928; x_wconf 86' lang='lat' dir='ltr'><strong>oodd.</strong></span> <span class='ocrx_word' id='word_1_449' title='bbox 1152 3877 1276 3926; x_wconf 85' lang='lat' dir='ltr'><strong>invenerit</strong></span> 
     </span>
     <span class='ocr_line' id='line_1_43' title="bbox 149 3943 1276 4012; baseline 0 -19"><span class='ocrx_word' id='word_1_450' title='bbox 149 3946 212 3994; x_wconf 86' lang='lat' dir='ltr'><strong>adeo</strong></span> <span class='ocrx_word' id='word_1_451' title='bbox 235 3946 393 4010; x_wconf 81' lang='lat' dir='ltr'><strong>negligenter</strong></span> <span class='ocrx_word' id='word_1_452' title='bbox 422 3949 548 4011; x_wconf 81' lang='lat' dir='ltr'><strong>exposuit,</strong></span> <span class='ocrx_word' id='word_1_453' title='bbox 578 3955 606 3998; x_wconf 91' lang='lat' dir='ltr'><strong>ut</strong></span> <span class='ocrx_word' id='word_1_454' title='bbox 634 3950 665 3997; x_wconf 86' lang='lat' dir='ltr'><strong>de</strong></span> <span class='ocrx_word' id='word_1_455' title='bbox 694 3960 784 3997; x_wconf 87' lang='lat' dir='ltr'><strong>eorum</strong></span> <span class='ocrx_word' id='word_1_456' title='bbox 816 3948 940 4012; x_wconf 80' lang='lat' dir='ltr'><strong>scriptura</strong></span> <span class='ocrx_word' id='word_1_457' title='bbox 964 3947 1025 3995; x_wconf 75' lang='lat' dir='ltr'><strong>uerti</strong></span> <span class='ocrx_word' id='word_1_458' title='bbox 1050 3947 1148 4009; x_wconf 86' lang='lat' dir='ltr'><strong>aliquid</strong></span> <span class='ocrx_word' id='word_1_459' title='bbox 1168 3943 1276 4009; x_wconf 80' lang='lat' dir='ltr'><strong>proferri</strong></span> 
     </span>
     <span class='ocr_line' id='line_1_44' title="bbox 149 4011 1276 4079; baseline 0.001 -19"><span class='ocrx_word' id='word_1_460' title='bbox 149 4021 266 4074; x_wconf 86' lang='lat' dir='ltr'><strong>nequeat.</strong></span> <span class='ocrx_word' id='word_1_461' title='bbox 286 4054 317 4063; x_wconf 80' lang='grc'>-</span> <span class='ocrx_word' id='word_1_462' title='bbox 336 4032 382 4064; x_wconf 88' lang='lat' dir='ltr'><strong>non</strong></span> <span class='ocrx_word' id='word_1_463' title='bbox 393 4029 432 4074; x_wconf 80' lang='lat' dir='ltr'><strong>er,</strong></span> <span class='ocrx_word' id='word_1_464' title='bbox 443 4016 473 4065; x_wconf 91' lang='lat' dir='ltr'><strong>P.</strong></span> <span class='ocrx_word' id='word_1_465' title='bbox 493 4055 524 4064; x_wconf 94' lang='lat'><strong>..</strong></span> <span class='ocrx_word' id='word_1_466' title='bbox 547 4016 773 4079; x_wconf 78' lang='lat' dir='ltr'><strong>interpretationem,</strong></span> <span class='ocrx_word' id='word_1_467' title='bbox 789 4016 931 4066; x_wconf 89' lang='lat' dir='ltr'><strong>Pintianus.</strong></span> <span class='ocrx_word' id='word_1_468' title='bbox 954 4011 1109 4079; x_wconf 83' lang='lat' dir='ltr'><strong>interpretum</strong></span> <span class='ocrx_word' id='word_1_469' title='bbox 1126 4022 1219 4063; x_wconf 85' lang='lat' dir='ltr'><strong>natura</strong></span> <span class='ocrx_word' id='word_1_470' title='bbox 1226 4011 1276 4076; x_wconf 86' lang='lat' dir='ltr'><strong>fa-</strong></span> 
     </span>
     <span class='ocr_line' id='line_1_45' title="bbox 150 4079 1278 4149; baseline 0.001 -22"><span class='ocrx_word' id='word_1_471' title='bbox 150 4087 231 4128; x_wconf 87' lang='lat' dir='ltr'><strong>teatur</strong></span> <span class='ocrx_word' id='word_1_472' title='bbox 248 4079 421 4142; x_wconf 72' lang='lat' dir='ltr'><strong>irridendam,</strong></span> <span class='ocrx_word' id='word_1_473' title='bbox 438 4082 582 4149; x_wconf 81' lang='lat' dir='ltr'><strong>Heumann.</strong></span> <span class='ocrx_word' id='word_1_474' title='bbox 603 4084 673 4147; x_wconf 86' lang='lat' dir='ltr'><strong>apud</strong></span> <span class='ocrx_word' id='word_1_475' title='bbox 690 4083 793 4135; x_wconf 84' lang='lat' dir='ltr'><strong>Gesner.</strong></span> <span class='ocrx_word' id='word_1_476' title='bbox 818 4122 850 4132; x_wconf 92' lang='lat'><strong>..</strong></span> <span class='ocrx_word' id='word_1_477' title='bbox 868 4081 1025 4142; x_wconf 77' lang='lat' dir='ltr'><strong>irridendum,</strong></span> <span class='ocrx_word' id='word_1_478' title='bbox 1043 4097 1102 4132; x_wconf 91' lang='lat' dir='ltr'><strong>oum</strong></span> <span class='ocrx_word' id='word_1_479' title='bbox 1118 4081 1234 4134; x_wconf 83' lang='lat' dir='ltr'><strong>Gesasro</strong></span> <span class='ocrx_word' id='word_1_480' title='bbox 1252 4086 1278 4129; x_wconf 88' lang='lat' dir='ltr'><strong>et</strong></span> 
     </span>
     <span class='ocr_line' id='line_1_46' title="bbox 150 4147 1278 4216; baseline 0 -20"><span class='ocrx_word' id='word_1_481' title='bbox 150 4147 282 4197; x_wconf 85' lang='lat' dir='ltr'><strong>nonnullis</strong></span> <span class='ocrx_word' id='word_1_482' title='bbox 300 4151 374 4198; x_wconf 85' lang='lat' dir='ltr'><strong>codd.</strong></span> <span class='ocrx_word' id='word_1_483' title='bbox 391 4151 557 4215; x_wconf 87' lang='lat' dir='ltr'><strong>Robertoque</strong></span> <span class='ocrx_word' id='word_1_484' title='bbox 573 4153 605 4200; x_wconf 86' lang='lat' dir='ltr'><strong>ad</strong></span> <span class='ocrx_word' id='word_1_485' title='bbox 622 4151 753 4216; x_wconf 86' lang='lat' dir='ltr'><strong>superiora</strong></span> <span class='ocrx_word' id='word_1_486' title='bbox 769 4151 853 4211; x_wconf 87' lang='lat' dir='ltr'><strong>retuli,</strong></span> <span class='ocrx_word' id='word_1_487' title='bbox 866 4164 925 4200; x_wconf 85' lang='lat' dir='ltr'><strong>cnm</strong></span> <span class='ocrx_word' id='word_1_488' title='bbox 936 4150 1015 4212; x_wconf 85' lang='lat' dir='ltr'><strong>vulgo</strong></span> <span class='ocrx_word' id='word_1_489' title='bbox 1027 4161 1095 4200; x_wconf 79' lang='lat' dir='ltr'><strong>nova</strong></span> <span class='ocrx_word' id='word_1_490' title='bbox 1106 4149 1139 4200; x_wconf 88' lang='lat' dir='ltr'><strong>ab</strong></span> <span class='ocrx_word' id='word_1_491' title='bbox 1150 4150 1202 4199; x_wconf 87' lang='lat' dir='ltr'><strong>hae</strong></span> <span class='ocrx_word' id='word_1_492' title='bbox 1212 4160 1278 4198; x_wconf 84' lang='lat' dir='ltr'><strong>vous</strong></span> 
     </span>
     <span class='ocr_line' id='line_1_47' title="bbox 151 4211 1277 4282; baseline 0.003 -19"><span class='ocrx_word' id='word_1_493' title='bbox 151 4214 271 4278; x_wconf 87' lang='lat' dir='ltr'><strong>periodus</strong></span> <span class='ocrx_word' id='word_1_494' title='bbox 290 4216 432 4280; x_wconf 82' lang='lat' dir='ltr'><strong>incipiatur.</strong></span> <span class='ocrx_word' id='word_1_495' title='bbox 460 4218 599 4278; x_wconf 83' lang='lat' dir='ltr'><strong>irridenda,</strong></span> <span class='ocrx_word' id='word_1_496' title='bbox 620 4221 660 4268; x_wconf 60' lang='grc' dir='ltr'><strong>θ’.</strong></span> <span class='ocrx_word' id='word_1_497' title='bbox 690 4252 720 4269; x_wconf 78' lang='grc'><strong>..</strong></span> <span class='ocrx_word' id='word_1_498' title='bbox 747 4217 841 4282; x_wconf 73' lang='lat' dir='ltr'><strong>Apere,</strong></span> <span class='ocrx_word' id='word_1_499' title='bbox 860 4219 1019 4281; x_wconf 81' lang='lat' dir='ltr'><strong>TPabdgp</strong></span> <span class='ocrx_word' id='word_1_500' title='bbox 1040 4211 1194 4281; x_wconf 79' lang='lat' dir='ltr'><strong>(Riehelet.)</strong></span> <span class='ocrx_word' id='word_1_501' title='bbox 1219 4232 1277 4266; x_wconf 84' lang='lat' dir='ltr'><strong>uero</strong></span> 
     </span>
     <span class='ocr_line' id='line_1_48' title="bbox 153 4277 1276 4353; baseline -0.001 -20"><span class='ocrx_word' id='word_1_502' title='bbox 153 4298 233 4347; x_wconf 72' lang='lat' dir='ltr'><strong>apere,</strong></span> <span class='ocrx_word' id='word_1_503' title='bbox 254 4277 305 4348; x_wconf 71' lang='lat' dir='ltr'><strong>dr.</strong></span> <span class='ocrx_word' id='word_1_504' title='bbox 332 4281 399 4335; x_wconf 88' lang='lat' dir='ltr'><strong>Num</strong></span> <span class='ocrx_word' id='word_1_505' title='bbox 419 4301 476 4336; x_wconf 87' lang='lat' dir='ltr'><strong>nero</strong></span> <span class='ocrx_word' id='word_1_506' title='bbox 496 4301 577 4353; x_wconf 76' lang='lat' dir='ltr'><strong>apere,</strong></span> <span class='ocrx_word' id='word_1_507' title='bbox 598 4286 733 4339; x_wconf 85' lang='lat' dir='ltr'><strong>Gesnerus.</strong></span> <span class='ocrx_word' id='word_1_508' title='bbox 764 4327 795 4336; x_wconf 90' lang='grc'><strong>..</strong></span> <span class='ocrx_word' id='word_1_509' title='bbox 826 4284 998 4346; x_wconf 80' lang='lat' dir='ltr'><strong>dubitemusne,</strong></span> <span class='ocrx_word' id='word_1_510' title='bbox 1022 4289 1069 4351; x_wconf 91' lang='lat' dir='ltr'><strong>dp.</strong></span> <span class='ocrx_word' id='word_1_511' title='bbox 1099 4282 1276 4344; x_wconf 79' lang='lat' dir='ltr'><strong>dubitemusne,</strong></span> 
     </span>
    </p>
   </div>
   <div class='ocr_carea' id='block_1_8' title="bbox 0 0 1465 4794">
    <p class='ocr_par' dir='ltr' id='par_1_11' title="bbox 0 0 1465 4794">
     <span class='ocr_line' id='line_1_49' title="bbox 0 0 1465 4794; baseline 0 0"><span class='ocrx_word' id='word_1_512' title='bbox 0 0 1465 4794; x_wconf 95' lang='lat' dir='ltr'><strong> </strong></span> 
     </span>
    </p>
   </div>
  </div>
 </body>
</html>
