2888 4794
605 312 795 359 rasurum.
1174 316 1265 359 xum

140 432 207 530 rum
220 484 360 528 uumerus
374 468 453 546 apud
467 463 598 556 Plinium
617 488 671 547 per
689 469 781 547 ipsius
802 469 897 546 operis
914 475 1052 528 naturam
1066 470 1163 546 magis
1176 469 1265 529 ctiam

14 572 19 579 ’
141 598 231 656 qnam
248 580 328 657 apud
346 578 457 638 multos
478 578 553 638 alios
575 580 732 656 scriptores
749 588 910 655 augeretur
927 596 1048 638 neeesse
1061 578 1129 639 tuit.
1150 578 1265 640 Partim

140 690 218 749 enim
231 689 346 749 numeri
357 690 488 749 maxims
499 688 530 748 in
543 689 690 766 prioribus
704 689 788 748 libris
807 689 886 748 obvii
898 670 1010 748 multoe
1024 706 1139 749 errores
1154 670 1265 766 genue-

109 829 116 842 ·
139 806 220 874 runt,
241 816 284 859 ex·
300 818 359 876 quo
374 818 481 876 genere
496 805 591 858 ortam
604 817 695 858 unam
709 799 863 858 ridiculam
878 788 1134 876 interpolationem
1146 803 1266 879 clauum

140 895 369 1007 commemoravi
389 910 428 968 ad
444 909 577 968 uodicem
597 908 629 968 V
648 903 732 990 (coll.
747 886 913 968 Taschuck.
934 912 996 968 not.
1016 908 1081 968 crit.
1103 908 1141 968 ad
1154 908 1267 967 Melam

139 1014 235 1094 11.·3‚
258 1012 315 1099 1.),
340 1019 449 1096 partim
470 1008 590 1078 nomina
609 1020 741 1097 propria,
765 1020 895 1078 maxime
913 1019 1122 1096 geographica,
1147 1019 1268 1078 nomina

139 1130 299 1216 herbarum
313 1135 344 1188 et
356 1129 488 1208 lapidum
501 1129 627 1188 librariis
640 1130 789 1205 incognita
802 1148 853 1190 eos
866 1130 996 1206 primum
1008 1130 1049 1188 ed
1065 1138 1192 1201 errores,
1201 1136 1266 1188 tum

141 1241 180 1299 ad
192 1239 431 1317 interpolationes
445 1239 647 1311 deduxerunt3
656 1248 699 1299 ὀι
716 1239 785 1299 illos
808 1240 926 1316 quidem
940 1256 1000 1297 nou
1013 1239 1063 1298 diu
1076 1245 1145 1316 post
1159 1237 1266 1298 editam

140 1350 304 1411 naturalem
324 1349 477 1409 historiam
495 1349 566 1408 oriri
590 1349 721 1427 coepisse
744 1349 790 1408 illi
812 1348 1000 1427 potissimum
1025 1348 1197 1425 scriptores,
1222 1349 1267 1408 uti

140 1460 291 1537 Zieglerus
311 1476 429 1539 qnoque
449 1458 480 1517 in
499 1458 678 1536 praefatione
696 1461 736 1519 ad
756 1460 918 1520 secundnm
936 1457 1028 1518 Plinii
1048 1459 1157 1518 librum
1182 1457 1266 1531 vidit,
1323 1450 1333 1461 ⁵

18 1561 25 1573 '
140 1570 256 1642 docent,
277 1569 329 1646 qui
346 1569 522 1629 vetustiores
542 1567 676 1630 omnibus
697 1570 806 1628 nostris
824 1569 970 1629 codimbus
991 1568 1211 1644 antiquissimos
1230 1569 1266 1627 li-

140 1680 209 1738 bros
223 1680 306 1738 adire
319 1686 490 1756 potuerunt,
504 1679 548 1737 uti
558 1676 677 1739 Solinus
689 1673 773 1760 (coll.
787 1677 913 1738 Salmas.
926 1696 1022 1738 exerc.
1033 1697 1065 1756 p.
1078 1673 1149 1738 170.
1160 1679 1191 1738 b.
1202 1674 1266 1754 B.),

139 1787 305 1847 Meflanus
324 1771 458 1865 capua,
478 1787 594 1846 rurus
607 1786 799 1858 vaesanus,
820 1787 964 1858 moerus,
984 1786 1094 1877 usqu.
1119 1786 1167 1845 ιιι
1187 1787 1267 1861 quoe

140 1895 259 1955 Plinius
274 1894 307 1969 91,
322 1891 395 1957 180.
411 1896 530 1973 scripsit
542 1877 685 1967 Arbelbm,
706 1913 766 1953 una
786 1896 875 1952 modo
895 1914 1001 1953 manus
1015 1896 1146 1953 secunda
1159 1894 1267 1954 codicis
1353 1947 1356 1953 .

141 2004 171 2063 R
191 2005 332 2075 servavit,
354 2021 422 2062 cum
441 2003 530 2062 ceteri
548 2021 649 2061 omnes
669 2002 737 2061 libri
757 2021 825 2062 cnm
840 2003 993 2062 *Martiano
1014 2002 1172 2063 exhrboant
1184 2003 1266 2064 Arc·

139 2112 236 2203 bicmr,·¹
247 2110 279 2184 8,
293 2107 346 2172 40.
374 2111 494 2173 Solinus
515 2113 633 2188 quidem
652 2113 827 2190 scripturam
846 2113 977 2173 onmium
991 2113 1123 2173 codicum
1137 2116 1266 2191 inpurum

29 2280 32 2287 .
138 2222 302 2295 confirmat,
323 2241 413 2299 quam
432 2241 492 2282 non
505 2221 672 2282 Plinianam
687 2241 752 2282 esse
765 2241 852 2300 posse
865 2225 925 2282 ianr
938 2220 1075 2284 Muretus
1090 2230 1121 2281 et
1133 2221 1169 2283 0.
1184 2221 1265 2284 Ges·

83 2412 86 2417 .
138 2351 226 2392 uerus
240 2339 302 2392 tam
315 2351 354 2392 ex
367 2334 411 2393 rei
424 2339 541 2406 natura,
554 2336 646 2409 quam'
658 2351 696 2392 ex
705 2334 878 2394 Aristotelis
889 2334 1057 2394 testimonio
1067 2335 1265 2395 ostenderunt.
1334 2392 1340 2404 ,

138 2440 195 2502 Oui
214 2443 416 2520 depravationi
434 2444 530 2521 magis
548 2443 702 2526 magisque
720 2445 849 2522 serpenti
865 2446 926 2504 ianr
940 2442 1112 2505 cassiodori
1132 2454 1265 2523 ternpore

137 2553 262 2630 ipsoque
286 2560 407 2637 auctore
432 2552 625 2623 occumbant
645 2549 731 2635 (vide
758 2573 835 2630 quae
856 2555 943 2615 docte
967 2564 998 2615 et
1017 2556 1169 2631 eleganter
1188 2555 1267 2616 banc

138 2663 169 2720 in
188 2671 252 2720 rem
271 2638 431 2745 disputavit
450 2662 626 2723 Ollaris
616 2682 649 2721 ιιι
666 2664 745 2722 libru
762 2661 885 2723 Parisiis
906 2638 1265 2726 18211.eeu0=0aut0-

15 2832 20 2843 ,
138 2773 206 2831 dore
230 2783 430 2832 cmeuvuteur
453 2773 489 2831 de
513 2763 678 2847 l'artiiquite'
699 2768 835 2847 Latine);
845 2758 927 2829 et'
918 2791 949 2830 ιιι
974 2772 1165 2848 scriptoribus
1189 2775 1267 2833 hauc

87 2940 94 2951 ,
138 2899 240 2942 curam
254 2883 383 2957 expertis
395 2879 542 2939 Plinium
547 2871 636 2939 etiam
655 2879 746 2939 fuisse
764 2898 832 2939 oum
845 2880 901 2958 p'er
915 2898 947 2940 se
961 2889 1007 2940 est
1020 2880 1182 2958 probabile,
1200 2889 1265 2941 tum
1315 2903 1320 2917 ι

138 3008 199 3048 non
214 2987 317 3065 inepte
334 2988 406 3047 mihi
424 2988 535 3057 videor
544 2989 679 3067 colligere
692 3009 731 3050 ex
744 2990 956 3068 subscriptione
969 2991 1039 3050 libri
1051 2991 1133 3050 IV.
1122 3011 1153 3051 ιιι
1166 2992 1266 3052 codice

138 3098 171 3156 A
198 3098 257 3157 iam
282 3117 374 3176 supra
402 3106 657 3161 commemorator·
678 3102 813 3170 Felictter
836 3103 942 3162 Iunius
965 3103 1140 3162 Laureaous
1164 3098 1264 3180 reiept,

138 3226 225 3284 quae,
245 3209 290 3268 uti
304 3209 362 3269 hoc
374 3218 405 3269 et
423 3201 454 3270 in
472 3210 538 3271 aliis
556 3211 749 3289 scriptoribus
769 3211 880 3272 fectum
901 3212 1021 3299 seimus,
1042 3231 1080 3272 ox
1093 3232 1153 3273 uno
1168 3213 1265 3274 codice

137 3320 170 3378 in
189 3319 316 3379 alterum
336 3322 514 3397 transcripta
533 3331 564 3380 et
585 3331 750 3398 propagata
771 3307 923 3381 meierem'
939 3329 1116 3382 vetustatem
1139 3324 1264 3397 redolet,

139 3445 228 3502 quam
251 3429 301 3489 cui
327 3429 421 3489 codex
445 3429 496 3488 ille
513 3431 544 3489 Α
563 3439 608 3490 est
631 3431 815 3490 tribuendus.
841 3431 897 3489 His
922 3424 1021 3490 tamen
1046 3433 1265 3494 recensiouibns
1368 3512 1371 3517 Ι

139 3537 234 3597 multo
252 3540 394 3598 arctiores
415 3540 489 3597 fines
508 3539 615 3613 tuisse,
641 3558 730 3615 qnam
748 3557 844 3617 nuper
870 3541 949 3599 eradi
970 3547 1107 3617 coeptum
1127 3549 1186 3614 est,
1212 3542 1265 3600 illa

138 3647 202 3724 ipsa
222 3647 400 3726 subscriptio
420 3648 451 3707 in
473 3647 570 3707 codice
587 3646 680 3708 Plinii
701 3650 802 3723 docet,
828 3652 860 3708 et
883 3653 1011 3710 verbum
1036 3654 1124 3727 relepi
1147 3649 1266 3724 egregie

139 3758 293 3818 confirmat
307 3777 342 3818 ea
357 3776 433 3834 quae
446 3759 483 3818 de
496 3759 553 3816 hac
566 3776 600 3816 re
612 3758 770 3818 Iahnius
784 3778 868 3819 mens
886 3761 917 3819 in
936 3759 1117 3838 praelatione
1131 3756 1265 3816 editionis

138 3866 242 3925 tertiae
254 3867 372 3925 Horatii
386 3867 432 3925 sui
446 3867 541 3926 sobrie
555 3867 702 3926 disseruit.
724 3866 852 3929 Latiorie
873 3869 935 3928 sinc
953 3868 1043 3927 dubio
1057 3864 1185 3927 ambitus
1199 3865 1264 3925 fue·

137 3979 209 4033 runt
221 3972 290 4032 illae
305 3992 357 4032 seu
376 3975 595 4058 emendationes
610 3993 663 4033 seu
676 3976 927 4050 interpolationes,
947 3993 1022 4053 quas
1042 3974 1161 4036 saeculo
1174 3975 1262 4052 xn,
1341 3974 1345 3981 ’

138 4100 199 4158 qua
213 4089 310 4142 aetate
329 4083 420 4140 verba
433 4080 523 4142 Plinii
536 4082 594 4140 iam
609 4082 828 4158 corruptissima
843 4085 1130 4160 circumferebantur,
1149 4086 1263 4148 Rober·

138 4200 187 4252 tus
201 4195 294 4254 abbas
309 4190 510 4252 Thorinieusis
526 4188 708 4275 (Thorigny)
722 4193 754 4252 in
768 4190 871 4254 Gallia
883 4215 915 4256 ae
933 4197 964 4257 in
977 4197 1105 4259 codicem
1120 4197 1262 4260 naturalia
