2888 4794
196 280 329 324 XXXVIII
656 277 847 322 musmo.

197 437 254 495 11.
274 411 433 495 113111.
453 428 531 494 len
549 427 620 494 res.
640 451 670 509 p.
691 426 870 493 res-nn
889 433 976 492 1111.
993 430 1234 511 exposuimus
1246 435 1319 494 non

197 546 322 618 hebent,
342 543 421 620 quod
443 561 503 604 nou
523 543 554 602 iu
576 541 653 601 libro
673 542 885 620 Bambergensi
903 550 956 602 aut
982 562 1076 620 aeque
1095 551 1174 602 reete
1194 553 1248 604 aut
1267 562 1319 604 re·

196 655 270 715 otius
281 655 408 730 legatur.

76 796 79 803 ·
157 773 162 777 ’
236 765 372 822 Duorum
386 763 520 823 codicum
536 764 765 824 cracoviensem
782 762 813 822 in
827 763 1001 824 bibliotheca
1014 763 1215 823 universitatis
1235 749 1326 824 illius

64 877 68 885 '
113 876 116 884 ‘
195 874 277 935 urbis
302 882 487 934 servatorum
508 871 634 951 primam
652 892 708 950 ego
728 873 862 933 notitiam
880 882 1030 951 ecceptam
1051 873 1142 933 retuli
1159 871 1191 933 N
1195 873 1320 934 iooleo

193 983 341 1057 Baebio,
355 984 432 1056 viro,
447 985 518 1043 dum
527 984 560 1043 in
570 983 648 1043 vivis
658 991 732 1056 eret,
742 983 929 1067 amicissimo,
940 984 991 1060 qui
1000 984 1032 1043 iu
1041 1002 1131 1043 usum
1140 1002 1240 1044 meum
1250 985 1320 1045 libri

193 1088 245 1155 35.
258 1097 274 1164 1
289 1089 341 1154 79.
354 1088 406 1153 80.
418 1093 574 1170 excerpsit.
589 1090 700 1153 Postea
709 1094 835 1154 Ioann.
847 1093 1049 1153 Troianslri
1057 1094 1089 1153 in
1099 1102 1320 1173 programmate

192 1202 358 1265 academico
371 1220 400 1263 a.
416 1199 508 1265 1841.
523 1203 600 1295 edito
614 1211 645 1263 et
657 1205 696 1264 ab
709 1205 775 1282 ipso
788 1211 908 1264 auctore
918 1203 1191 1265 benevolentissime
1204 1222 1320 1264 meeum

111 1308 116 1317 '
194 1314 409 1374 communicato
427 1330 487 1372 nou
512 1291 609 1373 solum
633 1321 792 1390 utrumque
816 1315 946 1374 codicem
972 1313 1139 1374 accuratius
1164 1314 1320 1391 descripsit

184 1442 352 1500 *eorumque
376 1424 534 1502 specimen·
551 1424 677 1496 eddidit,
709 1425 924 1483 verumetiam
948 1424 1139 1502 praelationis
1164 1421 1321 1484 Plinieuae
1351 1487 1355 1494 ,

193 1529 410 1607 §51-15.ex
427 1540 554 1609 utroque
574 1532 674 1593 codice
694 1546 760 1593 oum
780 1534 915 1592 omnibus
937 1533 1017 1594 vitiis
1035 1533 1198 1611 descriptas
1218 1533 1320 1594 edidit.

88 1642 92 1649 '
191 1645 234 1704 Et
253 1654 298 1705 est
318 1643 436 1721 quidem
459 1643 553 1703 codex
570 1642 647 1702 alter
664 1645 908 1704 membranaceus
933 1636 982 1721 (η)
1011 1642 1130 1703 saeculo
1155 1641 1248 1703 xm.
1268 1642 1318 1703 vel

192 1755 291 1833 potius
305 1754 395 1814 XIV.
411 1754 560 1832 eleganter
580 1753 707 1830 scriptus
729 1773 797 1813 eum
811 1752 910 1813 codiee
922 1750 1101 1812 Loudinensi
1124 1745 1179 1834 (Δ)
1200 1753 1243 1812 ita
1254 1752 1320 1812 iore

194 1866 392 1939 consentiens,
412 1870 461 1938 ut,
481 1864 560 1941 quod
580 1864 641 1923 iem
655 1862 814 1923 'lboianski
831 1872 911 1924 reete
924 1862 1146 1936 animadvertit,
1161 1881 1200 1922 ex
1214 1862 1318 1922 eodem

193 1983 261 2037 cuin
281 1975 335 2036 illo
355 1976 437 2036 ioute
459 1976 610 2035 derivatus
631 1992 696 2034 esse
716 1975 867 2047 videntum
889 1974 965 2033 alter
987 1975 1160 2034 ehmtaoem
1181 1968 1319 2055 (101110-

194 2086 261 2146 culo
281 2084 355 2145 XV.
377 2095 517 2145 exaratus
539 2103 606 2144 cum
627 2084 711 2144 libris
733 2085 927 2144 deterioribus
948 2083 1030 2145 iaoit.

235 2193 354 2271 Agmen
376 2193 486 2253 claudit
506 2193 600 2252 codex
624 2192 752 2253 incertae
772 2193 967 2254 brbliotheoae
993 2191 1038 2272 (o)
1060 2212 1080 2253 a
1100 2193 1318 2270 toneburge
1411 2267 1413 2269 ι

194 2304 264 2364 olim
285 2322 353 2363 cum
373 2302 499 2362 editione
518 2301 682 2399 Basileensi
703 2298 798 2364 1525.
819 2305 858 2364 ed
872 2306 981 2365 librum
1000 2301 1118 2363 11.v.
1138 2301 1211 2362 sads
1230 2319 1317 2362 aoru-

193 2422 258 2473 rate
279 2413 415 2486 collatus,
437 2413 490 2488 qui
500 2413 585 2485 liber,
605 2430 673 2472 cum
694 2422 781 2473 antee
800 2415 826 2474 1.
848 2414 889 2475 A.
911 2399 1035 2474 Ernesti
1049 2412 1163 2486 inisset,
1184 2429 1263 2471 nunc
1283 2411 1316 2471 in

194 2523 371 2583 bibliotheca
398 2523 492 2600 Regia
517 2523 680 2582 Dresdenbi
706 2533 842 2584 servatur
869 2518 952 2604 (vide
975 2524 1080 2583 Eber'ti
1099 2524 1204 2582 histor.
1225 2520 1315 2580 huius

17 2602 23 2612 ι
85 2643 87 2647 “
117 2622 122 2631 Χ
194 2632 324 2693 biblioth.
339 2653 369 2712 p.
391 2623 493 2715 290).
513 2632 678 2692 Innumeris
704 2635 817 2694 mendis
846 2636 895 2694 vel
920 2634 1100 2712 negligentia
1126 2633 1178 2693 vel
1201 2630 1316 2692 inscitia

192 2744 305 2804 librarii
329 2745 401 2805 ortis
428 2744 540 2805 obsitus
569 2751 600 2804 et
624 2760 752 2803 manum
768 2743 986 2822 interpolatoris
1015 2763 1076 2803 non
1104 2762 1165 2804 uno
1192 2742 1225 2802 in
1248 2741 1316 2801 loeo

193 2874 315 2933 passus,
341 2855 425 2914 euius
445 2853 709 2915 lucuenussimum
735 2856 904 2932 exemplum
933 2850 969 2926 5,
998 2849 1050 2914 51.
1077 2851 1315 2932 deprehenditur,

193 2952 293 3024 temen
313 2951 503 3029 deterioribus
524 2963 607 3023 libris
627 2983 687 3023 non
708 2972 755 3022 est
774 2964 982 3036 accensendus,
1003 2963 1109 3040 utqui
1129 2980 1218 3041 saepe
1237 2959 1317 3039 opti·

194 3092 311 3134 morum
331 3073 474 3131 librorum
495 3072 670 3149 scripturam
690 3073 863 3133 auctoritate
884 3093 940 3134 sua
960 3075 1120 3134 confirmet.

235 3182 360 3242 Praeter
380 3181 435 3240 hos
457 3183 580 3256 codices,
602 3201 677 3258 quos
697 3189 750 3242 aut
769 3202 824 3262 per
845 3189 941 3244 totum
962 3197 1037 3262 opus
1057 3189 1109 3242 aut
1127 3187 1318 3257 perpernam

194 3291 357 3356 certereius
377 3292 512 3367 cognitos
532 3292 685 3369 habemus,
707 3295 763 3354 viri
782 3295 861 3356 docti
880 3294 990 3374 passim
1012 3291 1170 3369 scripturas
1190 3307 1229 3348 ex
1249 3288 1317 3349 eliis

195 3399 341 3460 codicibus
361 3402 393 3460 in
413 3403 542 3462 medium
562 3406 759 3482 protulerunt,
781 3424 856 3481 quos
877 3405 984 3484 partim
1010 3404 1128 3463 eosdem
1154 3417 1222 3460 eum
1249 3399 1318 3459 aliis

193 3528 284 3588 supra
303 3514 536 3573 commemoratis
553 3533 618 3575 esse
636 3516 788 3592 probabile
804 3523 859 3576 est.
881 3515 948 3575 Hos
960 3516 1020 3574 iam
1034 3513 1137 3572 ordine
1150 3510 1318 3570 litterarum

194 3621 380 3682 enumerabo.
402 3621 511 3684 Aloioti
522 3625 653 3685 codicem
667 3625 821 3684 laudatum
834 3624 917 3686 vides
930 3625 970 3684 ed
983 3619 1036 3698 33,
1047 3618 1101 3683 40.
1121 3618 1318 3682 4111111111-

192 3732 305 3793 sitenus
324 3723 476 3807 „codicem
498 3734 747 3811 antiquissimum”
767 3733 894 3810 inspexit
911 3734 951 3793 ed
969 3730 1024 3807 21,
1043 3728 1095 3793 41.
1118 3726 1171 3792 43.
1192 3730 1319 3793 scanni

192 3841 266 3902 liber
279 3852 526 3905 commemoratur
539 3845 578 3903 ed
590 3841 620 3917 7,
634 3839 715 3918 163,
731 3846 830 3922 Boyfii
839 3845 877 3903 ad
888 3838 940 3916 33,
952 3839 1004 3903 40.
1016 3838 1070 3916 35,
1084 3837 1168 3916 163,
1182 3843 1318 3901 Bodleia-

193 3949 346 4027 11111114,
362 3949 446 4027 107,
467 3955 657 4014 Bononiensis
668 3960 803 4013 servatus
817 3955 870 4028 „in
880 3954 1003 4013 librario
1012 3954 1161 4013 minorum
1170 3944 1316 4012 fratrum'’

193 4060 281 4121 sPio
295 4064 334 4122 ed
347 4048 509 4124 Columell.
517 4063 559 4122 X.
575 4057 648 4124 333.
662 4063 735 4124 etin
751 4062 872 4126 Gruteri
885 4064 1021 4142 lampade
1035 4063 1099 4125 erit.
1111 4063 1151 4123 T.
1161 4064 1188 4124 1.
1199 4082 1229 4141 p.
1243 4055 1316 4123 555.

194 4171 303 4231 allatus
322 4182 367 4233 est
387 4176 425 4233 ed
444 4174 541 4234 locum
562 4170 650 4232 Plinii
665 4169 716 4245 17,
732 4169 816 4250 264,
831 4176 968 4237 Boswslii
980 4176 1074 4235 codex
1088 4175 1128 4235 ad
1143 4173 1173 4247 7,
1189 4167 1263 4234 201.
1278 4172 1316 4231 ab
