2888 4794
582 329 772 391 camparto.
808 354 810 359 -
1129 331 1236 373 xxxin

115 487 308 547 bibliothecae
323 486 404 563 publ.
420 484 619 544 universitatis
634 483 749 543 L..B.
766 477 877 564 (1716.
899 481 965 560 fol.)
982 503 1014 562 p.
1031 478 1104 545 380.
1126 503 1171 543 ur.
1186 480 1238 543 43.

117 602 294 656 recensetur.
320 594 483 668 Gudianus,
498 603 572 655 teste
587 592 748 666 Gronorio,
763 595 795 652 in
808 592 986 654 bibliotheca
999 594 1144 654 societatis
1157 592 1239 654 Lon-
1327 656 1344 685 e

118 707 245 767 dinensis
260 714 394 766 servatus
405 705 522 765 easdem
533 721 605 765 cum
612 703 821 782 Andagavensi
831 704 955 763 lacunas
964 702 1063 776 habet,
1074 705 1153 779 quod
1163 704 1240 763 idem

117 817 198 876 valet
222 817 259 875 dc
284 819 462 894 Messapiam
469 857 479 888 ,
504 821 608 891 postea
633 813 792 885 Vossiauo,
819 812 870 887 qui
893 819 954 872 tres
981 813 1094 872 codices
1113 821 1241 872 ceterum

117 945 219 986 omues
241 925 330 985 Plinii
348 926 439 984 libros
454 925 612 984 continent.
641 921 729 997 Quod
743 925 802 982 iam
817 924 854 982 ad
869 941 971 982 eorum
985 923 1114 1000 pretium
1127 924 1242 994 attinet,

118 1035 306 1095 statuendum
321 1040 366 1093 est
379 1052 429 1094 eos
443 1034 500 1093 nisi
519 1053 557 1093 ex
579 1034 737 1106 communi,
756 1041 789 1092 at
807 1040 885 1093 certe
902 1051 962 1093 non
980 1034 1107 1092 multum
1126 1033 1244 1091 diverso

47 1196 57 1215 ,
118 1122 199 1204 iente
213 1162 348 1210 manasse
363 1152 477 1203 etcum
491 1143 591 1201 multis
604 1143 880 1229 interpolationibus
900 1143 1024 1202 subinde
1043 1143 1131 1203 etiam
1151 1144 1244 1204 bonas

119 1263 230 1313 etcum
244 1254 360 1331 optimis
374 1253 455 1313 hbris
477 1253 677 1329 conspirantes
696 1253 834 1313 lectiones
856 1253 1018 1327 continere,
1040 1260 1074 1311 ut
1091 1252 1152 1313 iere
1173 1270 1244 1312 con-

103 1363 191 1422 'ferri
205 1363 319 1441 possint
332 1381 399 1423 cum
413 1363 466 1435 hr,
481 1363 577 1422 minus
592 1371 671 1423 certe
683 1364 853 1442 interpolati
867 1382 956 1439 quam
970 1363 1070 1445 ilmn.

161 1471 229 1532 Hos
244 1491 344 1532 omnes
358 1481 428 1550 post
442 1472 523 1533 viros
543 1472 645 1533 doctos
665 1492 739 1550 quas
755 1450 831 1533 satis·
840 1475 949 1533 multas
961 1493 977 1533 e
987 1473 1087 1532 multis
1098 1472 1246 1532 codicibus

119 1581 259 1642 lectiones
272 1582 303 1640 in
317 1583 443 1641 editione
457 1600 511 1642 sua
524 1582 758 1641 luculentissima
771 1583 861 1647 Plinii
881 1583 1004 1660 protulit
1023 1585 1145 1643 Ioannes
1164 1583 1247 1641 Har·

121 1692 238 1764 doinus,
253 1709 355 1769 earum
377 1691 570 1768 paucissimas
589 1692 677 1750 modo
696 1691 782 1750 sime
799 1673 1021 1769 repetitas'esse
1040 1693 1165 1752 lectores
1185 1693 1248 1750 siue

120 1799 211 1859 dubio
231 1800 418 1859 mirabuntur
436 1806 466 1858 et
485 1799 580 1876 primo
600 1802 706 1859 obtutu
730 1802 957 1885 vituperabunt,
982 1810 1062 1861 recte
1081 1809 1195 1873 tamen,
1214 1810 1249 1859 ut

121 1927 218 1986 spero,
230 1909 342 1968 factum
356 1927 422 1967 esse
436 1908 612 1980 concessuri,
626 1909 660 1980 si,
672 1926 726 1965 cur
739 1908 867 1980 fecerim,
879 1909 980 1985 paucis
994 1927 1042 1967 me
1054 1916 1248 1984 exponentem

121 2017 297 2076 audiverint.
319 2016 492 2075 Hardninus
506 2015 615 2073 scilicet
629 2024 747 2091 praeter
760 2016 889 2092 quinque
902 2018 1009 2094 Rspice
1029 2024 1059 2077 et
1075 2017 1248 2077 Oolbcrtinoc

122 2126 236 2186 codices
251 2104 342 2203 supra
355 2143 376 2186 a
389 2145 436 2185 me
451 2135 693 2186 commemoratos
708 2127 853 2203 excerptis
866 2145 938 2186 usus
953 2136 1017 2186 erat
1028 2127 1134 2187 codicis
1149 2128 1247 2187 Thau·

121 2239 177 2309 nei,
199 2236 379 2297 Parisieust's
397 2256 414 2295 e
435 2235 610 2300 bibliotheca
630 2235 744 2311 collegi
764 2235 910 2296 societatis
939 2237 1023 2311 Iesu,
1043 2239 1248 2314 Luqduucusis

121 2365 138 2404 e
157 2329 335 2407 bibliotheca
354 2346 471 2422 collegii
489 2346 618 2405 eiusdem
637 2346 782 2406 societatis
801 2353 831 2405 et
850 2346 956 2406 codicis
982 2366 999 2407 e
1017 2326 1194 2408 bibliotheca
1211 2348 1247 2408 S.

127 2455 250 2517 Victoria
263 2455 293 2514 in
308 2456 450 2516 suburbio
463 2456 639 2530 Parisiensi,
662 2456 770 2531 quibus
783 2457 896 2516 acoedit
914 2457 1007 2518 codex
1020 2459 1156 2519 Marcelli
1177 2459 1246 2519 cer·

120 2568 181 2624 viai
193 2566 233 2624 ad
247 2554 299 2637 33,
313 2561 377 2639 44,
393 2576 425 2624 at
438 2565 483 2625 his
499 2567 634 2626 omnibus
654 2586 713 2625 non
726 2586 780 2644 per
792 2575 887 2626 totam
901 2568 1066 2627 naturalem
1080 2568 1243 2639 historiam,

120 2674 172 2733 sed
190 2675 300 2751 passim
319 2676 407 2733 modo
426 2684 456 2733 et
474 2675 624 2739 nonnullis
651 2676 799 2735 codicibus
824 2678 862 2734 ad
881 2695 992 2753 paucos
1016 2685 1132 2735 tantum
1149 2679 1232 2736 locos

121 2802 215 2873 neque
230 2803 266 2844 ea
280 2803 347 2877 cum
360 2785 418 2844 fide
432 2792 463 2843 et
476 2801 557 2857 cura,
573 2803 648 2861 quae
662 2777 710 2843 liic
723 2792 791 2842 ante
805 2785 904 2843 omnia
917 2793 963 2843 est
972 2786 1137 2843 necessaria
1147 2794 1177 2843 et
1186 2802 1246 2859 qua
1359 2779 1361 2782 ’

121 2894 239 2952 sublata
260 2894 393 2955 codicum
413 2893 552 2953 lectiones
571 2893 641 2973 plus
661 2893 760 2952 damni
779 2911 868 2969 quam
888 2895 1034 2955 commodi
1054 2893 1245 2972 scriptoribus

69 3067 73 3074 ,
120 3003 257 3062 afferunt.
290 3001 359 3061 Hoc
382 3021 441 3061 non
465 3003 639 3063 invidiosius
664 3022 683 3062 a
707 3022 754 3061 me
779 3004 889 3064 dictum
909 3024 975 3065 esse
999 3003 1138 3064 facillime
1157 3003 1246 3062 iutel-
1332 2986 1335 2991 ⁸

118 3113 212 3188 ligent
236 3111 286 3188 qui
304 3112 462 3190 scripturas
483 3113 614 3172 codicum
635 3115 794 3173 eorundem
818 3115 857 3175 ab
882 3114 1039 3175 Harduino
1066 3121 1097 3173 et
1114 3133 1162 3173 me
1181 3114 1245 3190 ipso

120 3222 158 3281 ad
172 3221 301 3281 Plinium
315 3223 527 3282 emendandum
541 3223 736 3282 adhibitorum
750 3242 803 3301 per
817 3224 931 3300 aliquot
944 3226 1080 3301 deinceps
1102 3244 1245 3303 paragra-

124 3334 199 3408 phos
213 3332 289 3392 inter
303 3350 335 3391 se
349 3308 519 3411 comparare
534 3327 726 3414 voluerint*),
742 3343 773 3392 et
785 3353 930 3408 quaenam
948 3336 978 3394 in
997 3335 1044 3393 hia
1065 3338 1154 3394 rebus
1172 3336 1248 3392 fides

119 3440 275 3501 Harduino
295 3443 333 3502 sit
353 3443 524 3514 tribuenda,
544 3444 615 3513 iem,
630 3451 712 3518 puto,
729 3443 799 3501 satie
817 3445 987 3520 apparebit,
1006 3446 1031 3502 si
1049 3445 1159 3503 videris
1177 3462 1244 3502 enm

120 3550 182 3610 iere
195 3553 304 3628 ubique
318 3552 446 3630 quinque
458 3570 579 3611 suorum
590 3552 735 3611 librorum
746 3546 836 3632 (Reg.
847 3551 874 3612 Ι.
886 3552 929 3611 H.
941 3552 1026 3613 Colb.
1037 3555 1063 3613 Ι.
1074 3554 1117 3613 Π.
1129 3546 1244 3631 Paris.)

121 3663 242 3721 eandem
255 3663 412 3743 lectionem
425 3661 564 3721 habuisse
577 3663 690 3733 testari,
707 3663 786 3738 quod
802 3682 869 3721 cum
882 3682 935 3741 per
951 3683 983 3723 se
995 3683 1102 3741 pamm
1122 3662 1160 3719 eit
1178 3677 1244 3717 cre-

120 3769 218 3843 drbile,
233 3779 297 3829 tum
312 3772 518 3832 collationibus
531 3773 605 3830 meis
617 3790 738 3847 prorsus
753 3773 911 3833 relutatur.
933 3774 993 3833 Ubi
1007 3774 1096 3847 igitur
1110 3767 1244 3860 Hardui·

155 3969 183 4034 *)
199 3972 287 4022 Unum
308 3973 395 4022 locum
415 3975 495 4024 instar
517 3975 630 4024 omnium
652 3976 722 4025 iuvat
744 3990 881 4039 apponere,
900 3981 945 4036 32,
964 3979 1013 4033 61,
1031 3973 1074 4022 ubi
1096 3973 1243 4024 Harduinus

120 4058 204 4121 Regio
217 4054 259 4116 ¹II.
277 4051 319 4118 (d)
337 4057 424 4107 tribuit
439 4057 576 4107 lectionem
593 4055 768 4122 cahiphas-ata,
787 4073 845 4107 cum
857 4059 951 4108 habeat
967 4054 1154 4123 calliblephara.
1172 4060 1244 4109 Idam

122 4142 217 4191 (lictum
235 4147 298 4204 puta
315 4142 346 4190 dc
362 4140 489 4204 Broterio,
508 4143 551 4203 qui
569 4135 664 4190 eodom‘
676 4142 735 4189 loco
754 4141 858 4190 editioni
881 4143 988 4207 principi
1005 4143 1113 4208 imputat
1135 4140 1243 4192 callible-

119 4221 239 4288 pharuta,
257 4240 315 4275 cum
333 4225 426 4276 habent
444 4223 686 4292 collibiaeplcrata.
723 4254 726 4259 ·

1019 4327 1040 4376 C
