2888 4794
571 292 760 337 rennuere.
1170 293 1232 335 xlll

105 454 176 518 tim
196 444 249 520 35,
266 443 337 507 170.
362 439 449 505 lectio
476 446 598 522 vulgata
623 466 678 504 non
693 447 751 505 nisi
764 446 850 504 bimos
865 461 931 503 cum
946 461 965 502 a
978 445 1126 504 nonnullis
1140 445 1232 504 libra·

104 559 157 619 riis
170 578 225 636 per
238 577 368 617 errorem
383 557 493 633 scripta
512 565 657 615 essetnec
672 558 700 616 ei
713 557 809 627 bimos,
823 554 937 613 scribae
951 552 1088 629 Toletani
1100 563 1129 614 et
1144 556 1233 614 Pari·

105 668 207 728 aiensis
227 668 265 740 d,
286 674 321 726 ut
339 673 418 726 certe
436 683 522 725 voees
541 664 626 724 facile
645 664 810 723 intellectae
828 662 1007 739 legerentur,
1027 663 1158 723 leeenmt
1178 683 1234 723 nen

107 779 164 837 etti
181 796 258 844 moe,-
277 771 329 848 35,
351 772 402 836 73.
423 794 505 834 mara
524 774 720 851 interpolandi
734 773 854 832 libidine
869 772 934 831 voci
946 773 1052 832 Romae
1065 774 1096 832 in
1109 783 1234 849 utroque

109 887 209 946 codice
228 886 345 945 additur
365 896 468 957 autem,
493 893 522 942 et
539 879 592 958 36,
614 878 664 943 16.
683 881 875 959 provulgata
888 883 999 941 Parius
1012 892 1039 942 et
1053 893 1144 943 aetate
1157 901 1235 943 unus

110 996 139 1056 Τ
155 998 246 1055 habet
254 1015 315 1072 par
329 999 356 1053 εἰ
368 1005 430 1053 crte
444 997 504 1054 sed.

153 1102 255 1164 Codex
272 1107 451 1165 Parisiener'e
470 1105 579 1180 Rapina
602 1098 685 1163 6795
705 1099 750 1181 (a)
772 1101 882 1161 saeculi
901 1100 1236 1163 V111.v011x.mem-

110 1215 285 1286 branaeeus,
306 1213 401 1273 forma
420 1214 550 1272 maxima
570 1212 674 1271 litteris
689 1211 823 1272 Gothicis
838 1213 914 1271 binis
928 1211 1071 1271 columnis
1085 1221 1236 1284 exaratus,

110 1323 200 1381 libros
213 1321 413 1382 LXXXII.
433 1323 571 1381 eontinet.
596 1322 665 1381 Hoc
678 1323 715 1381 de
728 1323 804 1382 libro
818 1322 935 1398 egregio
948 1320 1049 1398 paucis
1063 1321 1185 1397 defungi
1197 1320 1237 1379 li·
1255 1311 1263 1321 “

111 1440 167 1504 oet,
189 1450 257 1492 cum
276 1433 308 1490 in
329 1434 502 1492 universum
523 1439 637 1492 tantam
657 1433 874 1492 similitudinem
895 1448 962 1489 cum
976 1431 1168 1489 Riocardiano
1182 1431 1238 1488 ha-

110 1544 188 1614 beat,
209 1550 245 1601 ut
261 1549 420 1618 utrumque
440 1563 479 1602 ex
497 1544 601 1602 eodem
620 1542 700 1602 fonte
718 1543 858 1602 haustum
876 1559 943 1600 esse
959 1550 1110 1618 appareat.
1134 1541 1172 1598 Id
1186 1541 1239 1600 de·

110 1658 277 1711 monstrant
294 1661 324 1710 et
341 1652 431 1711 index
450 1652 520 1712 libri
537 1653 564 1712 Ι.
583 1653 614 1710 in
634 1661 759 1728 utroque
778 1652 876 1710 codiee
895 1669 962 1709 cum
984 1650 1086 1709 ceteris
1107 1650 1181 1709 loeis
1195 1651 1239 1710 si·

111 1761 252 1821 millimus
276 1768 341 1820 tum
365 1763 467 1821 multis
491 1762 637 1821 lemmatis
662 1762 730 1822 libri
753 1758 910 1820 XXXIV.
935 1759 965 1817 in
988 1760 1064 1819 hbro
1083 1757 1240 1819 XXXIII.

111 1871 255 1946 repetitis,
277 1879 307 1928 e't
327 1871 486 1947 pleraeque
506 1872 606 1928 variae
624 1870 763 1929 lectiones
781 1869 900 1943 utrique
919 1868 1012 1926 codron
1025 1886 1192 1927 communes
1207 1864 1238 1925 'et

112 1978 295 2055 perturbatio
317 1977 456 2037 foliorum
473 1978 542 2035 libri
554 1979 597 2036 H.
611 1977 669 2036 IV.
684 1977 736 2048 V,
757 1976 793 2033 de
814 1994 874 2051 qua
886 1976 950 2033 dixi
963 1976 1002 2033 ad
1015 1974 1242 2035 Ricoerdisnum

113 2095 143 2145 et
164 2087 203 2145 ad
222 2085 265 2145 Π.
288 2089 303 2157 ξ
324 2081 396 2146 187.
422 2086 576 2147 Librarius
597 2095 694 2145 tamen
712 2084 801 2144 huius
820 2084 928 2145 codicis
949 2105 969 2143 a
989 2103 1070 2158 rem,
1094 2104 1162 2145 cum
1176 2105 1242 2147 eam

114 2197 332 2271 quodammodo
352 2197 461 2256 sarcire
480 2196 579 2269 vellet,
601 2197 698 2271 magis
718 2196 807 2254 etiam
828 2196 985 2271 implicuit.
1016 2193 1188 2271 „Namque
1208 2204 1243 2255 ut

115 2304 199 2364 Iani
212 2307 311 2366 verbis
326 2312 395 2365 utar
409 2307 570 2366 observati.
585 2307 663 2365 critt.
677 2324 707 2381 p.
725 2300 766 2377 5,
780 2306 812 2363 in
825 2305 894 2363 libri
907 2304 949 2363 11.
964 2308 980 2374 ξ
997 2301 1068 2365 187.
1083 2306 1195 2365 inserta
1208 2313 1243 2365 nt

116 2413 146 2472 in
159 2415 351 2474 Riccardiann
370 2415 438 2474 libri
452 2415 508 2474 IV.
530 2423 614 2493 parte
627 2416 800 2493 posteriore,
815 2414 883 2473 huic
895 2415 1048 2475 subiunxit
1061 2416 1169 2474 librum
1181 2414 1242 2474 ΠΙ.

117 2533 148 2582 et
166 2524 232 2583 libri
251 2523 308 2584 IV.
328 2533 443 2601 partem
462 2525 600 2602 priorem,
620 2544 710 2601 quam
724 2525 831 2602 exeipit
844 2524 913 2584 libri
925 2523 966 2583 V.
982 2542 1053 2601 pars
1066 2525 1243 2601 posteriora

118 2635 215 2693 verbis
235 2629 317 2704 534.
339 2636 378 2693 tbi
399 2636 627 2710 restaqncntibus
649 2637 850 2694 Mauretaniae
862 2636 966 2711 aquie‚·
987 2636 1145 2711 posthanc
1158 2635 1243 2693 deni·

118 2760 175 2817 que
185 2743 361 2820 interposuit
369 2742 438 2801 libri
448 2742 488 2800 V.
500 2750 615 2818 purtem
625 2742 750 2817 priorem
756 2750 787 2800 et
795 2742 865 2801 libri
871 2742 913 2800 11.
920 2749 1034 2819 partem
1039 2745 1243 2819 posteriorem.

118 2849 274 2911 Oomector
287 2860 386 2911 autem
400 2851 506 2927 aliquis
520 2853 671 2910 turbatum
685 2851 815 2910 ordinem
831 2850 919 2927 signis
933 2852 1075 2928 appositis
1092 2853 1244 2913 restituere

119 2969 243 3021 conatus
252 2960 282 3017 in
292 2958 357 3017 aliis
367 2960 441 3019 loeis
453 2959 511 3018 alia
520 2961 686 3036 adscripsit,
698 2961 803 3036 quibus
813 2960 953 3020 lectorem
964 2962 1013 3021 vel
1023 2980 1243 3033 amanuensem,

119 3068 172 3145 qui
185 3067 242 3127 hoc
255 3070 404 3147 exemplar
417 3071 583 3130 describere
596 3071 693 3129 iussus
707 3080 781 3144 erat,
795 3073 831 3130 de
843 3090 915 3130 vera
928 3071 1070 3148 abruptas
1080 3071 1134 3131 has
1145 3079 1244 3149 partes

120 3179 317 3256 coniungendi
342 3181 454 3239 ratione
481 3181 678 3239 admoneret.''
702 3181 762 3239 Hic
780 3199 896 3256 quoque
915 3181 1009 3239 codex
1029 3199 1067 3238 ex
1086 3181 1244 3260 archetypo

122 3288 286 3349 uncialibus
304 3290 409 3349 litteris
429 3299 550 3349 exarato
565 3283 611 3370 (2,
627 3285 679 3350 82.
692 3293 746 3350 ceb‘
755 3308 809 3366 pro
820 3288 884 3365 ceu)
899 3309 966 3350 cum
981 3290 1053 3351 satis
1066 3290 1245 3368 negligenter

121 3396 284 3474 descriptus
302 3408 390 3470 esset,
408 3399 518 3475 pariter
537 3416 573 3457 ac
591 3396 799 3457 Ricomdianus
819 3416 939 3456 manum
953 3400 1176 3458 emendatricem
1189 3418 1245 3458 ex·

120 3513 222 3583 pertus
240 3515 295 3579 est,
317 3527 406 3584 quem
426 3508 456 3566 in
476 3507 600 3565 editione
618 3507 663 3578 a2,
683 3525 804 3565 manum
816 3507 941 3583 primam
954 3509 988 3566 a¹
1002 3509 1072 3568 dixi.
1098 3510 1163 3567 Iam
1177 3528 1245 3568 cum

120 3612 238 3674 Ianus
249 3618 404 3692 utriusque
414 3617 480 3676 libri
489 3616 707 3679 similitudinem
718 3635 783 3674 eam
792 3616 963 3688 invenisset,
975 3619 1245 3695 utprimoelterum

121 3744 160 3785 ex
178 3726 271 3785 altero
287 3727 463 3803 descriptum
477 3745 541 3786 esse
554 3734 681 3802 putaret,
702 3727 782 3801 quod
794 3725 932 3785 facillime
947 3727 973 3786 ei
985 3728 1118 3786 accidere
1131 3731 1247 3801 poterat

121 3834 262 3895 laedcrle
275 3835 435 3895 lectionum
448 3835 709 3895 Riccardianarum
723 3836 782 3893 iam
795 3836 826 3893 in
841 3834 1031 3895 Germaniam
1045 3834 1146 3906 misso,
1167 3837 1246 3896 unde

123 3945 279 4021 utriusque
294 3945 360 4003 libri
373 3946 457 4004 dotes
471 3946 637 4004 accuratius
650 3946 726 4002 inter
746 3963 777 4002 se
797 3943 927 4001 conferre
941 3960 1000 4001 non
1014 3944 1119 4018 potuit,
1135 3944 1245 4007 iactum

123 4063 180 4127 est,
199 4061 234 4114 ut
251 4053 319 4112 huie
332 4055 408 4113 libro
421 4053 511 4131 paulo
525 4054 668 4111 minorem
682 4069 782 4110 curam
796 4051 978 4128 impenderet
991 4061 1020 4110 et
1032 4072 1144 4132 paucos
1157 4059 1245 4116 modo

123 4164 186 4223 eius
200 4164 290 4223 libros
305 4162 458 4223 conferret.
475 4161 534 4223 Sed
547 4168 753 4237 praeterquam
768 4160 856 4236 quod,
871 4169 904 4222 ut
917 4161 980 4239 ipse
989 4177 1092 4242 postea
1101 4166 1246 4226 intellexit
