2888 4794
597 325 812 373 rmnrrmo.
1229 309 1267 373 15

149 478 331 545 Hannibale
353 477 521 546 didicisset
541 479 677 544 militare
704 489 737 544 et
757 499 798 543 ne
819 475 1010 544 Africanum
1031 477 1163 562 quidem
1184 477 1270 543 serre

149 580 316 676 potuisset,
339 589 394 674 qui
413 589 575 675 inperator
589 588 785 675 triumphum
798 598 1004 675 reportasset,
1026 597 1154 675 paratos
1169 587 1270 653 fuisse

149 701 228 765 istos
241 699 299 784 qui
318 699 551 767 obtrectatione
565 700 669 766 aliena
682 699 834 765 scientiae
850 699 968 764 famam
983 697 1044 764 sibi
1058 707 1269 784 aucupantur.

151 807 265 890 „Quid
291 809 423 874 enim?”
451 810 498 874 ait
517 810 552 874 in
574 831 612 874 eo
633 809 804 888 volumine,
833 809 923 888 „scio
946 830 1018 897 ego,
1047 830 1129 892 quae
1152 807 1272 892 scripta

150 1029 398 1117 iipotissimum
424 1029 480 1114 qui
501 1052 596 1096 verae
622 1030 726 1097 laudis
754 1040 904 1116 expertes
931 1041 1015 1096 sunt.
1059 1020 1183 1094 Eomm
1211 1049 1272 1115 ego

150 1140 309 1206 orationes
331 1139 392 1206 sibi
412 1141 613 1228 praetereo.’'
648 1137 719 1205 Nee
739 1137 881 1206 Plancus
901 1139 1053 1226 inlepide,
1087 1161 1162 1204 oum
1183 1138 1271 1205 dice-
1285 1158 1315 1202 ar

151 1259 241 1315 retur
260 1249 395 1315 Asinius
415 1249 519 1317 Pollio
541 1250 700 1314 orationes
720 1249 755 1314 in
777 1272 851 1315 eum
871 1273 997 1336 parare,
1030 1271 1112 1335 quae
1138 1248 1179 1315 ab
1200 1248 1273 1336 ipso

152 1368 210 1425 aut
229 1359 339 1443 liberis
359 1371 435 1447 post
447 1371 584 1426 mortem
596 1358 709 1426 Planci
732 1361 903 1427 ederentur
924 1383 965 1426 ne
986 1359 1181 1447 respondere
1195 1381 1272 1446 pos·
1324 1354 1329 1366 ’

153 1478 213 1549 set,
247 1492 321 1565 cum
347 1471 480 1536 mortuis
507 1491 571 1535 nou
597 1469 659 1535 nisi
679 1471 784 1537 larvas
804 1471 929 1549 luctari,
958 1491 1022 1555 quo
1044 1470 1131 1535 dioto
1152 1470 1199 1536 sic
1220 1492 1273 1535 re-

153 1581 314 1666 percussit
332 1580 403 1646 illas
430 1590 467 1645 ut
492 1580 580 1666 apud
606 1580 750 1646 eruditos
776 1580 855 1648 nihil
874 1579 1083 1667 inpudentius
1103 1580 1272 1646 iudicetur.

152 1687 243 1779 Ergo
267 1690 372 1755 securi
393 1690 490 1756 etiam
511 1698 623 1756 contra
636 1690 883 1778 vitilitigatores,
906 1711 987 1774 quos
1008 1686 1089 1755 Cato
1112 1690 1275 1778 eleganter
1288 1711 1320 1755 ar

87 1882 90 1886 ἡ
154 1820 196 1864 ex
224 1799 310 1864 vitiis
343 1810 376 1863 et
404 1799 618 1886 litigatoribus
648 1801 837 1885 composuit,
871 1798 967 1886 (quid
995 1799 1080 1863 enim
1113 1799 1159 1865 illi
1187 1800 1276 1864 aliud

56 1906 63 1913 ’
155 1928 253 1992 quam
273 1908 401 1994 litigant
422 1918 478 1973 aut
498 1908 587 1973 litem
610 1907 803 1994 quaerunti)
827 1929 1040 1990 exsequemur
1053 1907 1274 1994 reliqua‘pro-

102 2004 107 2009 ’
153 2017 263 2104 positi.
308 2013 395 2098 Quia
421 2016 683 2103 occupationibus
717 2017 779 2082 tuis
806 2017 936 2103 publico
968 2016 1052 2083 bono
1078 2017 1276 2102 parcendum

156 2139 236 2208 erat,
260 2127 339 2211 quid
361 2127 495 2217 singulis
511 2127 726 2192 contineretur
740 2127 840 2206 libris,
862 2127 938 2193 huic
953 2128 1110 2214 epistulae
1125 2127 1276 2193 subiunxi

157 2260 343 2321 summaque
371 2260 448 2304 cura
475 2260 516 2302 ne
536 2237 690 2326 legendos
713 2259 768 2303 eos
789 2238 924 2304 haberes
946 2259 1076 2325 operam
1098 2238 1183 2303 dedi.
1224 2237 1276 2303 Tu
1289 2261 1322 2305 ss

157 2403 310 2467 dprioribus
325 2403 415 2453 litteris
432 2402 571 2453 exstinctis.
594 2403 631 2454 ita
645 2405 770 2468 reprobent
784 2411 810 2452 et
824 2403 919 2470 eliquat,
936 2405 978 2454 Pr
994 2400 1051 2466 (alii
1063 2407 1136 2455 codd.
1148 2402 1276 2467 Barbari),

157 2473 227 2534 quod
246 2471 339 2535 probat
355 2473 497 2521 Turnebus.
517 2473 553 2523 ita
573 2471 702 2536 reprobant
720 2473 783 2522 sicat
801 2469 899 2537 eliquat,
920 2473 1010 2522 Ambr.
1031 2474 1052 2524 I.
1076 2473 1189 2536 vellicent,
1206 2475 1276 2525 Rhe·

157 2553 247 2588 nanus.
265 2540 297 2588 In
308 2540 354 2589 Ra
365 2539 540 2599 lacuna-li,
552 2532 692 2589 abdR²P.
704 2540 749 2599 lic,
762 2541 787 2589 d.
800 2539 901 2590 Omittit
912 2542 1066 2602 Ich-vere,
1084 2535 1277 2607 etl-experti,

158 2608 203 2656 ab.
214 2642 250 2652 -
261 2614 320 2668 aaut,
339 2607 461 2656 omittunt
477 2607 568 2656 Ambr.
586 2605 607 2655 1.
624 2607 659 2656 Π,
677 2614 703 2655 et
720 2607 762 2655 alii
781 2609 854 2656 codd.
871 2609 1016 2658 Bezzonici.
1028 2646 1062 2654 .-
1073 2610 1122 2658 sebi
1129 2646 1135 2670 ‚
1147 2611 1277 2661 abdrRP

104 2704 113 2717 .
159 2672 286 2738 (Murbac.
299 2673 417 2724 cantabr.
431 2689 471 2738 ap.
483 2675 642 2732 Durandum,
654 2673 743 2722 Ambr.
761 2674 828 2722 1.11.
847 2682 872 2723 st
889 2675 933 2724 alii
945 2678 1018 2725 codd.
1031 2691 1072 2739 ap.
1084 2674 1279 2738 Maeonidum.)

160 2760 181 2802 a,
194 2736 222 2792 Δ.
235 2743 294 2801 sinc,
306 2736 534 2807 ss7.-preetereo,
552 2733 635 2790 de²
647 2738 780 2801 (Cantabr.
792 2743 844 2789 duo
857 2744 930 2791 codd.
943 2739 1077 2803 Turnebi.)
1087 2753 1193 2807 praeter,
1205 2747 1277 2794 abd¹

161 2807 264 2872 (Ambr.
274 2811 336 2860 LII.
348 2810 472 2869 Murbec.,
484 2824 550 2858 unus
561 2808 625 2856 liber
636 2808 749 2857 Turnebi
760 2816 786 2857 et
797 2808 841 2857 alii
850 2811 923 2859 codd.
933 2807 1090 2871 huronici.)
1099 2813 1279 2876 praeterfluere,

159 2879 192 2939 Β,
204 2893 281 2941 supra
292 2878 387 2926 lineam
397 2873 450 2942 βγ.
468 2877 559 2940 Spreta
570 2874 647 2925 foeda
662 2876 860 2940 interpolatione
876 2877 956 2940 vulgo
973 2886 1095 2940 regnante
1112 2881 1145 2929 ad
1162 2880 1279 2930 codicum

159 2946 297 2995 lectionem
308 2946 378 3006 redii,
390 2946 417 2993 in
430 2959 481 3007 qua
492 2945 556 2994 haec
568 2944 693 2993 sententia
703 2945 880 2995 videturesse:
892 2960 998 3008 „eorum
1009 2960 1057 3009 ego
1070 2948 1199 2998 orationes
1210 2948 1279 2998 sicco

159 3015 224 3076 pede
233 3021 362 3076 praetereo
372 3026 465 3074 easque
476 3027 530 3060 non
542 3025 603 3060 curo
615 3011 729 3074 ipsorum
740 3013 767 3062 in
778 3013 885 3074 lucrum,
898 3015 964 3076 quia,
977 3015 999 3064 si
1011 3030 1132 3078 curarem,
1144 3017 1252 3079 pessime
1264 3032 1280 3066 a

159 3095 201 3129 me
209 3081 341 3131 habendae
350 3080 457 3130 essent.’'
471 3078 527 3130 Sibi
534 3079 611 3142 igitur
620 3087 658 3128 est
667 3094 743 3142 quem
753 3081 839 3131 dicunt
848 3083 947 3132 dativus
956 3085 1093 3144 commodi,
1103 3093 1129 3133 et
1136 3099 1279 3148 pronomen

161 3149 322 3209 reflexivum,
341 3149 412 3198 cuius
429 3149 488 3197 loeo
507 3149 551 3210 qui
569 3148 599 3197 iia
616 3160 711 3210 ponere
731 3150 808 3198 vellet
819 3151 929 3200 multum
940 3160 1041 3212 erraret,
1053 3153 1165 3202 maxime
1176 3162 1279 3217 propter¹

139 3262 142 3266 .
162 3230 253 3266 vocem
265 3233 342 3266 eoram
354 3233 370 3266 a
381 3216 480 3266 Catone
492 3223 531 3265 est
541 3215 662 3280 positum,
675 3217 771 3265 scilicet
781 3219 834 3278 ribi,
846 3232 899 3267 non
911 3220 969 3269 mili
979 3217 1144 3282 (Ramshorm
1165 3221 1278 3279 Gramm.

162 3284 220 3334 Lat.
233 3299 258 3347 p.
272 3281 342 3345 543.)
364 3285 471 3334 oratione
481 3285 522 3332 vol
534 3285 674 3333 coaxatione
685 3286 791 3346 inrisere,
802 3287 951 3337 Rhenanus.

151 3394 154 3398 ,
195 3349 211 3411 δ
223 3358 265 3402 ³1.
283 3351 391 3416 inlepide,
403 3368 426 3401 a.
439 3353 463 3401 in
475 3351 559 3416 lepido,
571 3352 680 3412 R-ot,
692 3353 858 3414 R-Plaati,
870 3356 981 3415 R-ne,
997 3357 1022 3406 R
1034 3351 1149 3419 (Ugolet.
1167 3357 1279 3422 Ionian.)

162 3435 212 3480 aec,
229 3412 319 3469 ade
336 3417 461 3481 (Murbac.
474 3420 564 3469 Ambr.
582 3421 603 3469 Ι.
616 3421 650 3468 II.
669 3420 807 3470 Carbonar.
826 3428 851 3470 et
868 3423 941 3470 codd.
959 3421 1093 3485 Turnebi.)
1110 3442 1162 3486 non,
1180 3427 1233 3477 Td.
1244 3465 1279 3474 .-

160 3488 303 3616 ”a'ssllall
304 3485 384 3619 tit
386 3489 429 3605 ΙΙ·
433 3481 890 3618 (trttss.tu;⁸tt.it.itttt.t
900 3490 935 3607 ¹1}
948 3490 1089 3609 affl
1099 3501 1124 3541 ..
1135 3495 1277 3611 dtu-tt·

276 3591 281 3604 .
380 3593 385 3615 ,
740 3592 745 3604 .
771 3593 805 3602 -
933 3593 939 3606 .
951 3594 986 3604 -
1091 3595 1097 3608 .
1110 3599 1145 3607 ..
1199 3579 1220 3610 rc

163 3636 252 3671 omnes
262 3623 312 3672 mei
324 3625 399 3672 codd.
409 3631 435 3672 et
446 3625 560 3673 Murbac.
890 3594 897 3619 ’
1045 3595 1051 3620 ’
1271 3597 1278 3622 ’

195 3687 211 3749 δ
224 3695 265 3740 ³2.
283 3699 372 3752 eontra,
386 3692 480 3740 omittit
492 3691 747 3758 P.-vitilitiqatorer,
760 3684 889 3755 dOEscor.
901 3693 1066 3744 1.11.Ambr.
1078 3696 1113 3746 11.
1126 3692 1278 3756 Carbonar.)

162 3757 352 3824 vitisldt'yctoree,
365 3762 402 3809 ad
414 3756 516 3821 (Ambr.
529 3755 564 3822 Ι.)
577 3761 634 3810 vicii
650 3759 768 3826 liqaterer,
786 3761 810 3809 b.
828 3761 992 3827 vitilipatoree,
1004 3763 1107 3825 Ugolet.
1120 3762 1218 3812 Ioviau.
1231 3764 1280 3814 vici

162 3823 300 3891 litipatorea
317 3827 347 3876 P.
365 3844 396 3876 en
413 3827 551 3893 litipatorea,
568 3830 599 3877 R.
612 3828 782 3887 -evidenter,
800 3829 831 3877 Τ.
843 3866 877 3874 -
888 3829 931 3890 illi,
949 3824 1004 3879 ΔΡ.
1017 3830 1077 3879 illud
1082 3867 1088 3889 ,
1106 3830 1151 3879 ab.
1163 3823 1239 3896 illissss,
1251 3833 1277 3888 d,

163 3890 306 3954 omittitis,
318 3894 360 3942 ubi
374 3897 462 3944 eadem
473 3911 563 3944 manus
574 3896 656 3944 lineae
669 3897 1055 3961 suprascripsit-exsequemur,
1067 3890 1178 3948 Rebdd
1191 3895 1276 3960 (codd.

162 3957 320 4022 Remonici.)
332 3979 495 4026 exaequamur,
507 3965 553 4013 Pr.
567 3960 668 4025 (Ambr.
678 3965 699 4012 Ι.
712 3960 800 4023 Π.)-.
816 3961 886 4024 Quia,
899 3957 1036 4014 abdeP
1048 3962 1173 4024 (Murbac.
1185 3967 1275 4023 Ambr.

162 4028 184 4077 Ι.
195 4024 244 4090 11.)
261 4026 325 4086 Quia
336 4047 399 4090 vero,
411 4030 514 4094 Ugolet.
532 4031 629 4079 Ioviau.
647 4031 775 4080 Vallicell.
798 4028 862 4086 Quia
878 4032 930 4081 viro
946 4027 990 4092 (t),
1007 4032 1057 4080 Kr.
1070 4068 1104 4077 -
1116 4033 1276 4098 matineretur,

162 4096 339 4147 deRPhlr
355 4095 457 4160 (Ambr.
475 4097 496 4147 1.
514 4095 563 4159 11.)
581 4099 714 4159 continetur,
732 4115 755 4148 a.
773 4100 925 4158 contineatur,
942 4091 996 4159 Δβ.
1008 4136 1042 4144 ..
1052 4100 1168 4162 subiunxi,
1181 4105 1276 4154 omittit

162 4165 208 4214 R'.
219 4202 254 4212 ...
342 4166 421 4224 andos,
432 4166 522 4216 Ambr.
534 4167 556 4216 Ι.
568 4167 602 4216 II.
614 4168 702 4216 Escor.
714 4169 736 4216 Ι.
748 4168 782 4217 11.
795 4184 837 4216 nec
849 4165 965 4232 lependoa,
977 4159 1019 4216 bd
1023 4168 1053 4218 P.
1067 4184 1095 4217 ne
1106 4185 1148 4218 nec
1159 4170 1274 4237 leqeedoa,

162 4231 370 4352 hildibrando&
387 4233 418 4283 R.
436 4250 464 4284 ne
479 4233 640 4300 perlependos,
658 4237 730 4286 codd
749 4235 885 4288 Bezaomci
899 4229 930 4297 β.
948 4235 979 4288 In
996 4236 1122 4291 alarona,
1133 4275 1168 4285 -.
1180 4240 1274 4303 babere,
