2888 4794
429 300 500 345 ura.
515 301 566 346 111.
596 299 673 346 aar.
689 292 752 348 xu.
767 302 842 348 xm.
872 300 970 365 sacr.
988 303 1018 346 u.
1035 300 1063 344 re.
1242 281 1303 348 251

184 446 327 527 Caedici,
342 449 514 513 Alfaterni.
545 447 712 515 Gellianus
732 460 842 516 auctor
858 461 908 518 est
928 451 1001 515 lacu
1014 448 1140 516 Fucino
1154 450 1306 516 haustum

181 548 366 614 Marsorum
387 549 542 637 oppidum
555 549 723 637 Archippe
746 551 912 616 conditum
932 574 951 615 a
972 549 1108 636 Marsya
1130 551 1212 617 duce
1233 549 1305 637 Ly-

182 651 306 731 dorum,
328 653 405 718 item
426 651 642 717 Viticinorum
662 653 696 716 in
717 651 837 718 Piceno
860 652 1000 718 deletum
1022 676 1042 717 a
1061 653 1214 718 Romanis
1235 651 1305 719 Va·

181 755 332 821 lerianus.
358 753 469 820 Sabini
485 756 542 842 (ut
555 754 687 838 quidam
702 756 946 835 existumare,
962 778 981 819 a
994 756 1147 842 religione
1163 767 1196 821 et
1210 757 1307 822 deum

182 857 272 922 cultu
294 853 406 921 Sevini
427 856 594 943 appellati)
616 854 750 922 Velinos
772 857 923 922 adcolunt
942 858 1033 922 lacus
1055 857 1191 923 roscidis
1215 858 1306 924 colli-

182 957 254 1022 bus.
286 956 354 1021 Nar
375 957 476 1022 amnis
498 957 646 1023 exhaurit
665 958 736 1024 illos
759 958 940 1045 sulphureis
962 958 1072 1043 aquis3
1099 957 1243 1024 Tiberim
1265 981 1306 1025 ex
1321 977 1369 1024 roa

182 1060 232 1126 his
259 1072 373 1148 petens
401 1062 504 1147 replet
537 1084 555 1126 e
587 1073 695 1129 monte
724 1061 864 1130 Fiscello
892 1063 1004 1129 labens
1032 1064 1124 1129 iuxta
1149 1063 1305 1131 Vacunae

182 1185 313 1228 nemora
328 1174 360 1228 et
373 1163 475 1229 Reate
496 1164 531 1229 in
552 1165 682 1231 eosdem
704 1165 862 1231 conditus.
896 1164 944 1229 At
966 1188 1007 1231 ex
1028 1165 1090 1231 alia
1111 1175 1202 1250 parte
1216 1165 1304 1232 Anio

182 1265 216 1329 in
233 1275 341 1328 monte
357 1265 579 1331 Trebanorum
600 1276 690 1331 ortus
710 1266 798 1332 lacus
821 1266 878 1330 tris
900 1266 1091 1332 amoenitate
1113 1267 1229 1333 nobilis
1251 1268 1307 1352 qui

181 1388 298 1431 nomen
320 1367 437 1433 dedere
454 1365 639 1452 Sublaqueo
662 1368 768 1433 defert
787 1368 822 1432 in
835 1367 989 1435 Tiberim.
1017 1367 1058 1433 In
1077 1392 1156 1458 agro
1170 1369 1308 1436 Reatino

184 1466 321 1533 Cutiliae
347 1468 469 1547 lacum,
496 1470 530 1534 in
552 1492 616 1554 quo
637 1469 812 1535 fluctuetur
832 1469 953 1547 insula,
981 1460 1093 1536 Italiae
1120 1472 1307 1537 umbiliomn

184 1593 254 1635 esse
281 1568 329 1635 M.
352 1571 457 1636 Varro
486 1572 592 1641 tradit.
626 1570 716 1636 Infra
743 1568 881 1650 Sabinos
907 1569 1039 1636 Latium
1066 1581 1133 1650 est,
1163 1595 1184 1637 a
1208 1574 1307 1640 latere

182 1671 356 1750 Picenum,
380 1695 399 1735 a
421 1682 512 1760 tergo
533 1671 685 1750 Umbria,
714 1670 903 1757 Appennini
924 1670 1011 1759 iugis
1034 1668 1170 1737 Sabinos
1192 1674 1307 1739 utrim-

183 1795 246 1856 que
267 1772 471 1837 vallantibus.
653 1784 658 1793 “
1246 1826 1249 1833 .

224 1872 323 1938 ΧΠΙ.
358 1873 408 1938 18.
438 1871 561 1953 Quinta
587 1872 678 1960 regio
703 1871 815 1938 Piceni
842 1882 907 1950 est,
938 1874 1100 1958 quondam
1126 1874 1307 1942 uberrimae
1322 1893 1370 1939 110

183 1974 413 2053 multitudinis3
448 1995 550 2039 cccix
583 1973 677 2040 milia.
697 1971 879 2038 Picentium
910 1973 944 2037 in
977 1974 1076 2040 fidem
1101 1977 1213 2062 populi
1238 1976 1306 2044 Ro·

182 2077 269 2142 mani
288 2098 414 2142 venere.
449 2075 524 2140 Orti
543 2085 618 2140 suut
636 2096 657 2138 a
675 2070 804 2139 Sabinis
824 2084 898 2140 voto
920 2097 996 2142 vere
1016 2099 1115 2142 sacro.
1151 2076 1302 2145 Tenuere

182 2179 223 2245 ab
243 2179 369 2244 Aterno
391 2200 501 2257 amne,
524 2176 580 2242 ubi
601 2197 688 2242 nunc
709 2198 788 2264 ager
808 2174 996 2243 Hadrianus
1018 2188 1051 2245 et
1071 2177 1198 2245 Hadria
1219 2181 1306 2248 colo·

181 2404 204 2440 σ.
219 2430 250 2438 ..
268 2385 386 2452 Aclirpe,
398 2389 422 2437 d
441 2427 472 2436 ..
491 2386 587 2436 umcrsi
597 2383 675 2434 adhuc
692 2380 826 2449 elydorum,
843 2383 877 2433 A.
896 2424 929 2433 -
954 2384 1117 2450 traaucem,
1128 2387 1235 2440 RSTd.
1265 2388 1307 2440 Vi·

182 2455 325 2518 diuinorum,
337 2449 396 2517 Αβ.
416 2495 448 2504 ..
466 2454 573 2519 quidam,
589 2453 628 2502 uti
639 2452 722 2501 Varro
740 2454 808 2514 apud
818 2453 888 2503 Fest.
905 2467 931 2517 p.
944 2459 1000 2503 343.
1020 2495 1052 2504 ..
1071 2453 1148 2518 deum,
1160 2457 1224 2506 BA
1249 2456 1307 2509 deo-

181 2543 241 2586 rum,
254 2521 325 2588 dssr.
344 2525 404 2575 Vid.
417 2525 450 2572 ad
461 2529 502 2583 34,
516 2529 538 2571 l.
557 2561 589 2570 ..
607 2517 697 2581 Sebini,
708 2521 734 2570 R
745 2517 771 2582 (b
783 2520 809 2568 in
822 2517 899 2582 corr.)
913 2560 944 2568 -
962 2519 1073 2584 roscidis,
1085 2525 1109 2573 d.
1128 2523 1261 2588 praecidas,
1272 2526 1306 2576 R.

181 2592 290 2643 recidis
309 2592 343 2643 A.

207 2609 301 2720 Tibul
319 2655 442 2717 caluom,
458 2657 483 2706 B
499 2654 595 2718 (muas
611 2667 644 2702 ex
660 2651 737 2714 corr.)
760 2691 785 2700 -
805 2650 873 2714 illus,
889 2653 924 2704 A.
949 2655 998 2704 His
1014 2671 1075 2718 ipsis
1092 2673 1120 2705 ιιι
1131 2659 1212 2708 verbis
1224 2661 1306 2711 multa
1412 2653 1417 2661 ’

180 2735 263 2776 mutat
273 2726 370 2783 Delec,
383 2725 427 2787 qui
437 2724 490 2771 hoc
500 2730 568 2771 recte
580 2722 666 2782 sensit,
682 2720 808 2769 nonnulla
818 2721 846 2768 in
857 2722 888 2771 iis
901 2736 963 2781 esse,
981 2737 1053 2785 quae,
1065 2725 1104 2772 uti
1115 2725 1166 2773 iam
1177 2726 1305 2789 leguntur,
1412 2766 1415 2771 .

180 2794 293 2843 Plinium
298 2792 425 2853 scripsisse
437 2804 491 2838 non
502 2796 541 2839 est
552 2788 677 2837 credibile.
689 2788 756 2838 Nam
763 2788 822 2850 quid
830 2788 879 2836 sibi
889 2788 968 2836 velint
975 2791 1052 2838 verba
1064 2789 1181 2841 exhaurit
1190 2792 1245 2843 illos
1253 2793 1305 2844 sul-

178 2858 280 2924 plureis
292 2857 372 2922 aquis,
388 2872 463 2907 nemo
475 2857 550 2906 facile
563 2856 655 2906 dixerit
665 2862 764 2918 praeter
771 2854 940 2916 Harduinum,
950 2857 994 2919 qui
1002 2858 1065 2906 mire
1075 2873 1105 2908 ea
1115 2859 1304 2924 interpretatur:
1411 2892 1414 2896 -

181 2928 268 2988 „lacus
284 2926 423 2988 corrumpit
435 2925 462 2974 in
480 2940 544 2988 quos
556 2922 695 2973 conditur.'’
721 2921 776 2972 Iam
789 2937 837 2972 nos
850 2924 956 2975 advertit
968 2925 1092 2989 scriptura
1103 2928 1218 2978 omnium
1230 2931 1303 2980 codd.

181 2991 243 3044 oues
254 3009 301 3059 pro
313 2991 402 3054 talea,
415 3008 492 3056 quam
504 2999 649 3056 corruptam
661 2992 763 3054 quidem
773 2992 910 3056 vestigium
921 2999 1007 3042 tamen
1022 3009 1096 3044 verae
1112 2997 1250 3061 scripturae
1265 2998 1303 3047 in-

181 3063 263 3112 dicare
274 3070 346 3126 puto.
364 3061 473 3112 Videtur
488 3062 584 3112 scilicet
594 3057 693 3110 Plihius
709 3060 761 3109 tale
777 3060 838 3122 quid
854 3061 993 3126 scripsisse:
1015 3059 1076 3112 Nor
1092 3064 1171 3114 amna
1189 3062 1304 3116 calcarit

180 3128 238 3180 illos
251 3131 337 3181 alteus
348 3127 489 3194 sulphureis
502 3129 588 3194 aquam
609 3125 714 3179 Tiberim
728 3146 758 3178 ea
766 3127 805 3179 lia
811 3139 894 3194 paterae
906 3127 1004 3194 replete
1019 3141 1095 3181 monte
1103 3130 1218 3195 Fiscello,
1232 3132 1303 3182 iuxta

179 3200 224 3264 rel.
246 3201 280 3250 Et
292 3199 376 3263 albem
393 3199 495 3261 quidam
512 3204 658 3261 corruptum
674 3198 702 3245 in
718 3212 778 3245 aves
795 3205 898 3267 eticasu
913 3198 954 3247 vel
965 3199 1161 3263 interpolatione
1177 3201 1263 3264 potius
1275 3202 1303 3251 iu

179 3268 359 3328 aliumloeum
372 3267 486 3316 delatum
496 3274 565 3317 racto
575 3266 640 3316 mihi
651 3266 738 3315 videor
747 3266 886 3317 restituisse
898 3273 999 3316 secutus
1011 3269 1109 3331 Vergil.
1127 3269 1193 3319 Aen.
1208 3272 1230 3330 7,
1243 3273 1301 3321 517.
1351 3264 1363 3273 ”

178 3332 319 3400 Sulphurea
336 3331 395 3384 Nar
411 3335 480 3384 albus
497 3351 573 3398 aqua.
599 3334 699 3385 Deinde
714 3334 791 3383 verba
802 3350 815 3382 e
825 3343 905 3384 monte
916 3331 1022 3384 Fiscello
1034 3337 1146 3386 indicant
1162 3338 1301 3401 regionem,

83 3410 86 3414 ’
177 3405 221 3453 ubi
233 3404 324 3454 Narin
336 3403 449 3452 Tiberim
461 3404 577 3466 incurrit3
586 3414 749 3465 prorumpere
761 3403 833 3463 quasi
844 3403 975 3451 videbatur
987 3416 1018 3450 eo
1030 3403 1056 3450 in
1067 3404 1125 3452 loco
1138 3419 1152 3453 e
1164 3413 1251 3455 monta
1256 3407 1301 3456 Fi·

178 3472 264 3532 scello,
279 3478 309 3520 ut
324 3485 417 3532 aquam
433 3485 505 3519 suam
516 3470 651 3519 Tiberinae
666 3468 790 3529 misceret,
807 3475 832 3517 et
849 3484 908 3518 curn
918 3469 944 3516 vi
956 3469 1042 3531 aliqua
1052 3470 1152 3520 Plinius
1169 3472 1242 3522 locos
1254 3474 1302 3524 sibi

178 3539 304 3602 opposuit,
316 3538 359 3587 ubi
370 3537 462 3587 Narin
473 3538 544 3587 lacus
554 3538 670 3596 Velinos,
681 3535 726 3584 ubi
736 3535 764 3585 in
775 3537 888 3586 Tiberim
899 3536 1011 3586 incurrit.
1035 3536 1109 3587 Certe
1120 3539 1202 3589 multo
1216 3540 1300 3605 aptius
1403 3589 1406 3601 ,

177 3605 229 3655 hoc
241 3607 336 3656 dictum
348 3611 393 3665 est,
406 3620 483 3670 quam
495 3608 564 3668 quod
573 3607 652 3668 vulgo
663 3604 757 3667 legitur
768 3619 781 3652 e
792 3615 868 3655 moute
876 3601 983 3654 Fiscello
995 3603 1083 3668 labens,
1096 3609 1166 3669 quod
1178 3622 1300 3671 quocum·

178 3688 227 3737 que
241 3674 345 3724 verteris
357 3672 506 3724 difficultate
518 3681 543 3723 et
558 3674 654 3737 ineptia
665 3673 752 3736 aliqua
762 3672 869 3734 laborat,
886 3688 963 3736 quam
975 3674 1110 3724 sentientes
1123 3692 1140 3723 c
1151 3676 1299 3725 monteseri-

177 3750 288 3805 pserunt.
305 3741 384 3792 Ianus
395 3738 491 3803 (diurn.
504 3742 580 3805 antiq.
595 3747 668 3792 1849.
680 3756 718 3789 nr.
732 3746 771 3790 59.
784 3756 810 3804 p.
824 3739 895 3803 465.)
908 3743 936 3790 in
950 3742 1055 3805 vulgata
1066 3743 1211 3806 acquiescit,
1223 3744 1300 3794 verba

177 3807 317 3872 sulphureis
338 3808 409 3872 aquis
429 3811 462 3859 ad
482 3811 612 3872 sequentia
631 3809 749 3858 referens.
774 3848 806 3857 -
828 3824 848 3871 e,
868 3809 923 3859 Ad.
951 3826 975 3871 a,
995 3806 1024 3871 β.
1051 3810 1108 3861 Om.
1130 3812 1161 3861 R.
1181 3852 1213 3860 -
1232 3828 1297 3872 aves,

176 3875 260 3925 RAd.
280 3917 310 3925 -
333 3875 445 3938 Rectene,
458 3878 490 3927 R.
510 3917 545 3935 ..Ἰ
559 3874 649 3936 Annio,
665 3877 697 3925 R.
717 3915 746 3925 ..
776 3874 977 3938 Trebuluuorum,
992 3879 1060 3927 Pint.
1079 3918 1110 3926 -
1135 3877 1187 3941 tris,
1203 3879 1308 3930 ΒΑΚ..
1328 3878 1337 3894 ’

177 3951 232 4004 tres,
245 3945 269 3992 d.
289 3985 320 3992 ..
343 3941 472 4005 Sublaceo,
488 3945 557 4007 Lips.
570 3945 603 3993 ad
619 3944 701 3992 Tacit.
719 3944 803 3992 annal.
822 3949 861 4004 14,
874 3949 914 3993 22.
934 3985 966 3994 ..
986 3941 1145 4006 uolutauit.
1177 3945 1297 4009 casaiae,

181 4001 258 4060 θΤᾶ.
284 4007 366 4060 Cotini
380 4027 417 4071 uc,
434 4013 465 4062 R.
485 4052 516 4060 -
527 4011 673 4075 fluctuetur,
689 4011 772 4061 RAd.
786 4009 932 4074 fluctuatur,
949 4013 980 4061 T.
999 4011 1110 4075 fluctuet,
1127 4009 1179 4080 βγ.
1199 4056 1230 4066 ..
1250 4013 1296 4077 M,

178 4092 228 4127 om.
241 4079 274 4127 A.
293 4079 352 4128 Vid.
364 4078 483 4128 Martias.
497 4085 520 4139 6,
534 4085 591 4128 640.
609 4119 640 4126 -
660 4077 718 4141 iupl,
730 4078 764 4127 A.
783 4118 814 4126 -
832 4077 970 4142 velantibus,
980 4081 1012 4131 K.

211 4149 225 4210 ξ
237 4153 292 4196 110.
306 4156 348 4206 est,
363 4145 396 4195 A.
408 4155 442 4207 et,
451 4139 528 4196 ROd.
542 4145 658 4208 ..fidem
670 4145 819 4210 iuprvenere,
831 4145 864 4196 A.
876 4187 907 4196 ..
918 4163 982 4210 vere,
994 4142 1132 4201 RAOTd.
1145 4169 1209 4214 vero,
1221 4146 1250 4214 β.
1265 4192 1295 4201 .-

176 4213 283 4276 Auerno,
295 4215 358 4265 ΒΑ.
378 4255 409 4262 ..
426 4213 584 4275 Hadrianus,
596 4215 629 4264 A.
650 4255 681 4262 -
699 4211 810 4276 Hadria,
823 4213 855 4263 A.
