2888 4794
191 297 295 343 xtvm
604 345 611 377 Ι,
656 298 847 344 nmmo.

61 498 64 503 .
191 451 330 511 historiae
348 449 477 511 intulisse
496 450 544 510 his
565 451 661 512 verbis
679 455 849 530 profitetur:
872 454 1005 530 „ingens
1017 451 1108 514 Plinii
1129 455 1319 518 historiarum

13 578 19 585 ’
192 560 331 620 volumen
350 560 567 637 elegantissime
586 562 729 639 scriptum
747 610 790 622 ..
804 612 846 623 ..
861 612 903 622 ..
923 570 954 622 et
972 573 1143 642 corruptum
1168 563 1318 626 correxit’'

192 660 240 751 (ν’.
256 667 393 730 Gniberti
412 662 515 731 abbat:
531 672 568 730 de
587 671 758 748 Novigento
773 690 873 750 opera,
888 692 920 750 p.
937 669 1023 747 716„
1043 683 1074 734 et
1092 693 1168 750 quae
1181 676 1245 753 ipse
1258 677 1320 735 dixi

191 780 223 839 in
237 779 336 839 diariis
349 779 531 841 'scholasticis
547 775 641 842 1833.
663 801 710 841 nr.
726 776 777 842 52.
798 801 830 860 p.
844 777 949 865 414).
975 782 1100 843 Praeter
1112 786 1169 844 hos
1184 806 1255 846 vero
1269 806 1318 846 er·
1338 819 1345 831 ·

190 907 272 949 rores
290 890 373 950 aliud
392 908 497 950 eorum
516 908 610 968 genus
631 888 790 950 maximam
814 891 1052 968 depravationem
1073 886 1233 954 verborum
1250 894 1318 955 Pli-

190 1000 346 1059 nianorum
371 999 480 1073 effecit,
504 998 626 1061 lacunas
650 1000 730 1074 dico,
756 1018 881 1076 quarum
900 996 1013 1077 largior
1031 1005 1137 1062 messis
1162 978 1214 1064 vix
1238 1008 1318 1082 apud

190 1109 287 1169 ullum
305 1108 396 1168 alium
414 1110 587 1188 scriptorem
604 1107 744 1171 Latinum
764 1111 915 1171 invenitur
920 1129 930 1183 3
951 1110 1117 1172 e-Graeeis
1137 1133 1215 1174 unus
1233 1114 1317 1174 Pau·

190 1220 290 1281 sanies
310 1219 367 1278 hoc
384 1220 502 1279 nomine
520 1238 588 1279 cum
607 1219 706 1280 Plinio
726 1198 889 1297 comparari
912 1227 1020 1298 potest.
1056 1219 1168 1282 Contra
1191 1225 1318 1284 liberum

83 1378 88 1385 .
190 1329 253 1390 lere
267 1347 298 1388 sc
311 1330 407 1401 tenuit
419 1329 615 1407 glossematis,
637 1347 726 1405 qnae,
740 1330 832 1389 sicubi
843 1330 1043 1404 inveniuntur,
1058 1331 1152 1393 ferme
1166 1341 1236 1393 sunt
1248 1352 1317 1411 snp-

191 1440 340 1517 plementa
352 1437 541 1498 bbrariorum
554 1439 593 1499 sd
607 1440 780 1516 explicanda
795 1440 945 1518 neyndcta,
966 1441 1006 1500 ad
1025 1442 1236 1525 expediendam
1248 1462 1318 1503 con·

191 1551 384 1611 structionem
398 1543 476 1608 κατὰ
496 1543 609 1608 σύνεσιν
625 1542 684 1630 (nti
700 1544 756 1623 34,
781 1544 854 1610 153.
875 1549 1046 1617 eiiciendum
1063 1549 1120 1610 init
1134 1546 1269 1633 prodest)
1289 1562 1319 1612 et

192 1660 304 1720 similes
317 1679 368 1720 res
380 1659 518 1719 minores.

232 1770 422 1831 Adlacunas
434 1769 525 1847 igitur
538 1787 606 1830 cum
620 1769 679 1829 iam
693 1776 870 1848 perventum
885 1772 933 1845 sit,
948 1779 1017 1831 ants
1028 1771 1125 1830 omnia
1134 1769 1182 1831 hic
1192 1771 1316 1847 loquen-

190 1882 262 1941 dum
282 1887 329 1941 est
348 1880 384 1939 de
406 1879 504 1940 codice
522 1881 728 1956 Bamberpensi
746 1880 805 1938 iam
820 1898 911 1958 supra
925 1881 1087 1957 descripto,
1110 1881 1192 1941 cuius
1205 1880 1316 1957 prima·

190 1991 269 2050 rium
292 1991 431 2050 meritum
455 1990 487 2048 in
499 1989 570 2066 ipsis
593 1990 653 2049 illis
678 1990 791 2049 lacunis
816 1998 846 2048 et
870 1990 1103 2049 demonstrandis
1122 1997 1152 2048 et
1165 1990 1316 2068 explendis

191 2101 329 2160 cernitur.
349 2098 392 2158 Et
405 2108 451 2159 est
464 2100 582 2175 quidem
596 2100 645 2158 hic
658 2100 752 2160 codex
765 2100 897 2159 omnium
910 2074 1115 2159 Plinianorum
1129 2099 1215 2177 longe
1228 2106 1316 2176 prae'·

192 2208 390 2269 stantissimus
398 2216 438 2281 et,
447 2207 548 2283 quales
561 2226 630 2266 raro
641 2208 801 2267 editoribus
812 2214 946 2268 veterum
958 2209 1135 2286 scriptorum
1147 2208 1315 2281 obveniunt,

115 2384 118 2389 ,
191 2338 229 2378 ex
239 2318 398 2397 archetypo
409 2336 464 2377 suo
474 2318 512 2375 ab
523 2316 645 2376 librario
655 2317 698 2375 ita
707 2315 1251 2394 descriptus,uthicintranscr1bendo
1262 2325 1316 2376 ant

191 2446 306 2489 summa
315 2427 495 2503 negligentia
501 2434 632 2487 uteretur
642 2432 694 2485 aut
704 2427 855 2504 archetypi
861 2428 1101 2505 scripturamnon
1108 2427 1217 2503 ubique
1226 2427 1315 2487 intel·

188 2539 305 2615 digeret.
319 2537 362 2595 Et
370 2537 436 2608 hoc,
449 2537 528 2611 quod
538 2545 688 2614 postremo
699 2536 764 2596 loco
776 2537 848 2610 dixi,
859 2537 928 2597 huic
937 2538 1059 2597 librario
1069 2557 1129 2597 non
1140 2537 1230 2596 semel
1240 2537 1314 2596 ecci·

190 2648 389 2731 dissedocent
401 2647 459 2707 loci
473 2627 576 2724 quales
589 2656 659 2706 sunt
672 2642 724 2721 32,
742 2642 826 2720 140,
841 2648 893 2706 nbi
904 2667 959 2725 pro
969 2648 1061 2708 Aiunt
1072 2651 1114 2707 ita
1123 2657 1238 2708 curatos
1247 2644 1313 2705 inB

190 2758 299 2837 legitur
312 2760 397 2818 nunti
409 2768 436 2818 et
448 2767 565 2818 curator
578 2752 616 2832 ei,
630 2757 679 2816 vel
693 2751 746 2831 35,
764 2755 805 2830 7.,
820 2757 872 2816 ubi
884 2772 940 2835 pro
954 2759 1110 2818 stimulatio
1123 2757 1154 2816 in
1168 2753 1195 2815 B
1207 2755 1315 2832 legitur

179 2862 354 2942 'summatim
364 2868 422 2930 ⁴vel
444 2863 501 2940 35,
518 2863 559 2941 1.,
574 2855 627 2927 ubi
641 2885 708 2926 cum
722 2867 862 2926 librarius
877 2867 984 2927 codicis
997 2865 1024 2925 B
1038 2866 1152 2926 litteras
1165 2866 1196 2924 in
1208 2863 1312 2925 erche-
1417 2877 1422 2889 ⁸

188 2987 259 3058 typo
274 2989 339 3038 cata
348 2995 442 3054 prope
455 2994 514 3035 non
528 2975 655 3052 amplius
668 2976 766 3051 legere
779 2985 890 3052 posset,
905 2977 1034 3054 spatium
1047 2994 1175 3036 vacuum
1185 2973 1312 3049 reliquit.

188 3087 286 3147 Multo
308 3086 426 3162 saepius
444 3091 546 3144 tamen
563 3084 759 3162 negligentiae
778 3085 939 3151 crimenin
952 3086 1104 3145 librarium
1115 3085 1207 3156 cadit,
1229 3084 1313 3144 cuius

189 3197 325 3273 exempla
338 3195 395 3255 hoc
408 3195 473 3254 loco
488 3212 715 3254 commemorare
729 3213 787 3254 non
802 3214 877 3272 opus
887 3197 1014 3269 ridetur,
1029 3213 1096 3255 cum
1106 3210 1144 3252 ex
1154 3192 1218 3268 ipsa
1231 3192 1313 3251 Iani

190 3299 347 3366 collatione
366 3305 443 3384 typis
462 3296 605 3382 expressa
622 3322 710 3363 nemo
730 3323 789 3364 non
801 3300 922 3384 ‘affatim
944 3323 979 3364 ea
993 3312 1095 3383 petere
1106 3302 1210 3379 possit.
1231 3300 1312 3360 Hinc

188 3418 317 3493 ineptam
339 3433 459 3474 manum
478 3414 603 3492 primam
622 3421 726 3492 postea
747 3415 934 3490 corrigendo,
955 3415 1103 3486 radendo,
1124 3429 1216 3488 supra
1236 3411 1312 3471 scri-

188 3528 285 3588 bendo
300 3527 493 3597 emendatam,
508 3531 543 3582 ut
556 3527 678 3583 chartae
692 3542 854 3600 parcerem,
868 3542 927 3582 non
941 3524 1051 3598 ubique
1064 3523 1243 3581 afferendam
1257 3540 1312 3598 pu·

187 3637 259 3710 tavi,
279 3636 333 3696 sed
347 3643 411 3697 tum
425 3636 553 3706 demum,
575 3633 626 3692 ubi
639 3633 754 3701 referre
769 3633 934 3704 videbatur,
950 3640 1076 3706 utraque
1089 3641 1153 3691 tum
1166 3650 1257 3690 manu
1269 3631 1312 3689 ita

188 3747 245 3806 sibi
255 3747 401 3825 apposita,
413 3754 447 3805 ut
461 3764 512 3805 eas
526 3762 581 3823 per
590 3742 633 3802 B¹
649 3750 680 3800 et
688 3741 731 3800 Β2
742 3742 949 3815 discernerem,
961 3760 1088 3817 quarum
1099 3742 1241 3816 siglarum
1252 3741 1312 3799 ium

188 3861 419 3916 consentaneum
434 3863 480 3915 est
493 3855 590 3932 priore
599 3853 774 3930 plerumque
785 3851 961 3909 deteriorem
971 3851 1136 3924 lectionem,
1148 3850 1311 3928 posteriore

189 3966 335 4026 veriorem
354 3965 520 4043 significari.
541 3962 632 4021 Haud
650 3980 719 4020 raro
737 3967 837 4020 tamen
855 3962 922 4053 ipsa
934 3979 1040 4019 manus
1054 3961 1151 4037 prima
1164 3959 1311 4025 veriorem

189 4074 346 4133 lectionem
367 4074 495 4145 exhibet,
510 4073 554 4132 nti
568 4067 625 4144 32,
643 4066 704 4143 10.,
720 4071 771 4131 ubi
785 4069 826 4128 B¹
841 4080 921 4130 recte
936 4069 1026 4130 habet
1038 4074 1169 4141 mitulos,
1184 4067 1228 4126 B²
1241 4087 1310 4127 cum

188 4184 337 4263 plerisque
352 4184 487 4245 omnibus
500 4182 585 4241 codd.
595 4183 709 4252 vitulos,
721 4181 800 4254 quod
810 4178 1067 4256 interpolationem
1078 4179 1172 4254 vulgo
1181 4195 1311 4254 regnau-
