2888 4794
615 299 803 343 PRAEFATIO·
1182 303 1272 343 vafl

150 456 230 515 mina
243 453 440 531 geographica
453 452 593 514 librorum
607 454 686 514 tertii
699 460 729 511 et
742 455 830 512 trium
844 453 1057 529 proximorum.
1084 455 1200 514 Horum
1215 475 1271 514 no-

148 566 259 624 minum
270 563 380 640 duplex
390 569 437 623 est
447 563 524 623 ratio
530 581 539 635 ;
552 564 659 624 etenim
671 581 763 622 unum
774 581 876 624 eorum
886 581 980 640 genus
990 565 1079 623 etiam
1088 564 1118 624 in
1128 564 1196 624 aliis
1206 563 1271 625 lon·

147 674 228 734 tibus
241 673 396 748 utriusque
409 672 538 749 linguae,
553 679 589 732 ut
600 672 851 751 inscriptionibus,
868 673 972 747 titulis,
988 675 1096 747 numis,
1110 675 1270 748 invenitur,

146 782 273 860 'quorum
287 801 343 859 ope
359 782 544 859 corruptelae
557 784 589 841 in
602 783 637 842 iis
653 783 758 842 obviae
772 782 923 842 emendari
940 790 1101 861 potuerunt
1121 791 1151 842 et
1163 802 1271 860 magna

146 912 185 952 ex
199 899 284 971 parte
298 893 357 950 iam
367 892 405 951 ab
415 892 481 951 aliis
492 893 566 952 viris·
573 893 667 952 doctis
678 893 848 952 emendatae
859 899 929 952 sunt
934 910 944 963 ;
959 893 1087 951 alterum
1099 896 1146 951 eet
1156 910 1269 966 eorum,

145 1021 274 1081 quorum
294 1010 413 1079 praeter
432 1001 563 1061 Plinium
583 1022 669 1061 nemo
689 1002 767 1061 alius
792 1002 967 1078 scriptorum
992 1001 1170 1061 mentionem
1189 1002 1270 1075 facit,

146 1113 177 1172 id
191 1113 270 1188 quod
283 1112 411 1170 maxime
424 1112 456 1170 in
469 1112 634 1171 nominibus
648 1111 782 1171 barbaris
796 1129 853 1171 usu
867 1111 958 1171 venit.
981 1109 1064 1184 Quae
1077 1113 1130 1172 ubi
1142 1112 1174 1171 in
1189 1113 1270 1172 codi-

146 1222 228 1282 cibus
242 1230 272 1280 et
286 1220 461 1280 editionibus
475 1221 604 1298 vulgetis
619 1221 681 1280 sine
693 1220 828 1280 lectionis
849 1221 991 1280 varietate
1010 1220 1198 1299 legebantur,
1222 1221 1280 1282 in:-

144 1341 224 1393 tacta
238 1351 273 1392 ea
286 1332 404 1407 reliqui,
419 1332 554 1408 quamvis
568 1332 675 1390 mnam
689 1349 761 1409 prae
776 1350 808 1390 se
820 1330 946 1391 ferentia
965 1332 1107 1409 speciem3
1125 1332 1178 1406 ubi
1198 1349 1270 1391 vero

143 1444 176 1503 in
196 1442 262 1502 aliis
279 1443 364 1501 libris
384 1443 444 1501 alia
462 1441 628 1515 exstabant,
648 1442 823 1519 plerumque
838 1441 1013 1518 scripturam
1027 1442 1182 1518 vulgatam
1197 1437 1229 1523 (β
1235 1436 1270 1522 γ)

144 1555 262 1626 retinui,
283 1554 409 1613 maxime
428 1554 454 1612 si
472 1571 508 1612 ea
527 1553 670 1625 codicum,
685 1551 755 1611 licet
768 1552 955 1624 deteriorum,
971 1552 1144 1611 auctoritate
1156 1551 1270 1643 niteba:

144 1670 205 1724 tur.
236 1661 452 1723 Mutationibus
475 1662 662 1740 potissimum
685 1670 843 1740 propterea
867 1661 1072 1720 abstinendum
1095 1661 1207 1738 putavi,
1232 1680 1271 1721 ne

144 1775 271 1834 lectores
286 1780 388 1833 vetera
401 1778 431 1831 et
445 1773 567 1849 vulgata
580 1772 700 1831 nomin‘a
712 1771 825 1855 frustm
839 1773 1005 1846 quaerendo
1018 1771 1141 1829 nimium
1154 1779 1270 1846 pertur-

143 1887 299 1954 barentum
314 1888 472 1958 praeterea
485 1900 591 1957 parum
605 1881 718 1941 reterre
731 1880 898 1951 videbatur,
917 1879 991 1937 haec
1003 1899 1042 1938 an
1055 1880 1109 1937 illa
1123 1881 1271 1954 scriptura

141 1993 176 2051 in
196 1991 287 2049 Plinii
305 1990 437 2048 oratione
454 1988 612 2066 legeretur,
632 2006 758 2063 quarum
779 1996 883 2047 neutra
896 1996 976 2047 certo
989 1989 1090 2063 aliquo
1104 1987 1270 2048 testimonio

143 2100 296 2179 gauderet.
319 2100 385 2159 Iam
400 2098 519 2174 quidem
532 2098 650 2157 minime
660 2097 762 2157 dubito
777 2096 872 2156 multa
881 2095 989 2156 horum
1009 2098 1160 2157 nominum
1171 2117 1269 2158 emen·

111 2194 114 2201 ’
143 2213 208 2272 dari
221 2229 241 2270 a
254 2229 302 2269 me
314 2209 459 2289 potuisse,
474 2228 541 2269 cum
554 2209 585 2267 in
598 2208 644 2268 his
657 2208 746 2268 rebus
760 2226 840 2268 nunc
852 2207 982 2266 mamme
996 2208 1059 2267 dies
1072 2210 1151 2267 diem
1165 2209 1270 2269 doceat

143 2331 174 2390 et
191 2339 306 2398 semper
325 2321 410 2394 numi
429 2321 478 2380 vel
497 2320 576 2380 tituli
592 2321 777 2397 detegantur,
792 2319 871 2377 unde
884 2318 993 2379 tahbus
1007 2319 1175 2379 nominibus
1189 2337 1269 2378 nova

142 2431 198 2490 lux
216 2432 338 2492 oriatur.
371 2429 431 2491 Sed
450 2431 523 2491 haec
543 2431 643 2490 omniu
662 2429 907 2508 comprehendere
924 2447 1024 2489 meum
1037 2448 1098 2488 non
1110 2436 1184 2502 erat,
1199 2432 1268 2488 cum

142 2541 292 2600 itineraria
309 2549 340 2600 et
359 2541 451 2600 diaria
469 2542 557 2600 huius
572 2540 687 2617 generis
699 2556 796 2617 pauca
808 2539 897 2599 modo
910 2540 991 2598 adire
1004 2540 1107 2599 liceret
1126 2546 1157 2597 et
1173 2539 1267 2598 otium

143 2650 183 2709 ad
202 2650 278 2710 tales
297 2650 406 2722 libros,
427 2650 453 2709 si
470 2651 594 2722 adsunt,
617 2650 799 2709 evolvendos
819 2655 850 2707 et
868 2667 955 2725 saepe
975 2650 1038 2707 sine
1050 2649 1149 2707 fructu
1163 2649 1266 2724 perlu-

143 2760 279 2819 strandas
293 2759 366 2818 mihi
379 2778 439 2818 non
453 2765 633 2836 suppeteret.
654 2758 691 2815 In
705 2757 758 2814 tali
768 2775 866 2832 opere,
881 2756 977 2832 qualis
988 2763 1034 2815 est
1042 2756 1132 2815 Plinii
1144 2763 1265 2816 natura·

142 2869 178 2928 lis
192 2869 330 2942 historia,
357 2867 460 2928 thhii
483 2867 672 2946 praeceptum
697 2865 943 2944 sapientissimum
968 2866 1005 2923 de
1029 2866 1087 2925 fine
1104 2865 1264 2941 aliquando

141 2977 275 3039 iaciendo
290 2987 336 3038 est
349 2979 518 3039 tenendum.

182 3088 221 3148 In
239 3089 412 3149 coniecturis
431 3089 521 3165 igitur
542 3092 590 3150 vel
604 3090 751 3151 veteribus
765 3090 917 3150 servandis
931 3090 980 3150 vel
993 3089 1077 3149 novis
1090 3087 1264 3165 recipiendis

141 3199 280 3273 maxima,
299 3200 344 3258 uti
361 3218 417 3276 par
435 3200 501 3273 luit,
517 3201 652 3261 cautione
666 3201 807 3260 utendum
822 3218 887 3260 esse
905 3196 1055 3278 putabam,
1072 3218 1147 3274 cum,
1164 3200 1190 3259 si
1204 3216 1264 3275 quo

140 3326 281 3383 umquam
302 3309 331 3368 in
346 3309 495 3388 scriptore,
511 3319 588 3368 certe
600 3311 632 3368 in
645 3310 741 3369 Plinio
756 3311 912 3369 discrimen
925 3311 1002 3368 inter
1015 3311 1195 3370 coniecturas
1209 3328 1263 3369 ne·

141 3419 287 3478 cessarias
302 3425 333 3476 et
346 3420 516 3480 temerarias
531 3420 570 3477 sit
583 3421 676 3494 probe
687 3417 855 3477 tenendum.
878 3416 1054 3478 Coniectura
1063 3419 1174 3477 scilicet
1183 3420 1264 3495 egeri

140 3544 201 3585 non
213 3528 319 3604 potuit,
333 3530 385 3589 ubi
398 3531 482 3589 locus
496 3528 603 3604 aliquis
617 3528 647 3586 in
662 3528 797 3587 omnibus
811 3527 950 3586 subsidiis
964 3526 1069 3587 criticis
1083 3528 1124 3586 ita
1137 3529 1262 3603 scriptus

140 3637 286 3711 exstabat,
302 3647 336 3698 ut
349 3648 402 3699 aut
415 3639 531 3716 legibus
545 3638 689 3698 sermonis
703 3637 803 3696 Latini
816 3646 917 3714 aperte
930 3639 1138 3697 adversaretur
1151 3644 1204 3694 aut
1216 3636 1261 3693 in·

139 3745 339 3824 terpolntionis
357 3749 480 3825 vestigia
499 3756 578 3808 certa
595 3767 666 3826 prae
685 3765 718 3806 se
731 3746 829 3807 ferret.
858 3747 902 3806 At
915 3748 964 3806 hic
978 3766 1095 3823 quoque
1107 3745 1188 3802 ultra
1202 3743 1261 3802 sin·

138 3855 211 3931 gula
226 3858 319 3916 verba
331 3858 547 3932 procedendum
561 3876 620 3916 non
634 3858 705 3930 fuit,
720 3866 750 3916 et
764 3875 837 3932 quae
852 3856 987 3916 nonnulli
999 3857 1058 3914 viri
1071 3852 1149 3911 docti
1166 3853 1260 3930 speei-

138 3981 208 4023 osas
227 3965 357 4039 quidem,
378 3967 430 4025 s'ed
443 3966 614 4024 audaciores
629 3975 658 4025 et
670 3966 758 4041 plura
770 3966 860 4024 verba
874 3970 1064 4023 attrectantes
1078 3963 1260 4024 coniecturae

138 4073 328 4152 protulerunt
351 4079 382 4130 et
404 4074 435 4133 in
455 4073 549 4149 ipsam
569 4068 663 4132 Plinii
680 4073 841 4131 orationem
854 4081 1037 4148 receperunt,
1051 4091 1101 4133 eas
1115 4074 1179 4134 loco
1194 4062 1275 4148 suo,¹

141 4201 229 4259 quem
243 4187 398 4259 hucusque
412 4192 579 4257 tenuerunt,
596 4183 667 4242 eieci
681 4188 711 4241 et
723 4182 754 4241 in
769 4183 1007 4245 commentarium
1021 4184 1165 4262 ablegari,
1180 4193 1210 4244 et
1229 4186 1260 4244 in

1043 4305 1056 4336 ΙΙ
