2888 4794
363 315 433 361 nm.
450 314 487 361 11.
518 312 596 359 ons.
613 313 831 360 xum-xus
862 310 960 360 snos.
977 313 1008 375 a.
1022 314 1054 358 a.
1205 296 1264 360 145

140 494 194 537 ore
220 480 327 546 vasto,
362 489 517 553 praeceps
539 465 646 543 hiatu,
681 465 714 528 in
742 485 837 546 quem
868 462 992 528 deiecto
1019 463 1083 529 levi
1110 463 1263 549 pondere,

139 570 286 656 quamvis
302 569 472 654 tranquillo
488 567 557 645 die,
575 564 694 631 turbini
710 565 820 630 similis
836 565 952 629 emicat
966 565 1115 649 procella.
1137 565 1263 632 Nomen

138 673 208 739 loco
229 683 278 739 est
295 669 405 736 Senta.
435 667 524 751 Quin
547 668 634 732 etin
657 663 837 751 Cyrenaica
858 665 1022 752 provincia
1044 689 1140 753 rupes
1162 691 1262 753 quae·

139 773 214 840 dam
235 785 343 839 austro
367 772 503 838 traditur
525 793 625 847 sacra,
648 791 746 853 quam
766 769 936 855 profanum
959 768 1000 831 sit
1021 770 1183 835 attrectari
1204 771 1263 835 ho·

138 877 233 941 minis
254 899 361 953 manu,
384 873 554 938 confestim
576 883 685 936 austro
707 870 856 936 volvente
877 871 1023 936 harenas.
1054 870 1094 935 In
1116 871 1263 937 domibus

139 979 236 1044 etiam
257 979 358 1042 multa
383 976 564 1041 madefacta
593 973 716 1038 inclusa
737 969 896 1059 opacitate
919 975 1148 1058 conceptacula
1169 997 1263 1040 auras

140 1102 214 1144 suas
236 1078 373 1156 habent3
398 1078 478 1142 adeo
501 1099 598 1141 causa
618 1099 682 1141 non
704 1075 804 1139 deest.

181 1181 233 1244 45.
258 1177 326 1244 Sed
339 1180 522 1266 plurumum
536 1179 681 1255 interest,
704 1177 798 1243 flatus
822 1176 925 1242 sitan
948 1188 1073 1242 ventus.
1101 1177 1177 1244 Illos
1198 1188 1263 1242 sta-
1279 1196 1332 1242 uo

141 1293 190 1346 tos
212 1291 308 1364 atque
329 1281 550 1367 perspirantis‚
573 1301 654 1363 quos
673 1301 735 1343 non
757 1287 877 1343 tractus
893 1278 1009 1363 aliquis
1029 1302 1141 1344 verum
1162 1290 1264 1346 terrae

140 1383 297 1460 sentiunt,
321 1381 376 1466 qui
398 1403 462 1446 non
484 1404 577 1459 aura,
600 1403 662 1446 non
684 1380 824 1468 procella
847 1379 904 1446 sed
924 1377 1029 1447 mares
1051 1382 1264 1469 appellatione

139 1506 266 1569 quoque
287 1484 359 1570 ipsa
379 1483 467 1548 venti
490 1493 581 1561 sunt,
613 1484 680 1547 sive
708 1483 843 1547 adsiduo
870 1483 983 1546 mundi
1009 1484 1111 1549 incitu
1134 1495 1166 1550 et
1187 1507 1263 1550 con·

141 1588 236 1652 trano
259 1585 401 1650 siderum
422 1607 557 1650 occursu
578 1596 772 1661 nascuntur,
802 1585 870 1649 'sive
897 1583 950 1648 hio
977 1595 1026 1649 est
1052 1585 1105 1652 ille
1127 1609 1263 1673 genera-

140 1688 214 1754 bilis
233 1710 341 1753 rerum
360 1698 495 1751 naturae
510 1685 641 1771 spiritus
655 1685 719 1750 huc
732 1685 809 1750 illue
825 1696 986 1769 tamquam
1002 1686 1035 1749 in
1049 1698 1142 1752 utero
1158 1687 1263 1772 aliquo

140 1932 192 1981 To.
211 1940 238 1990 et,
251 1931 300 1979 R¹.
320 1947 339 1989 e,
356 1930 443 1979 R²Pa
460 1926 589 1989 (Robert.)
605 1921 654 1991 βγ.
682 1928 720 1977 At
735 1928 792 1976 loco
809 1929 846 1976 uti
863 1944 910 1978 nos
927 1927 1034 1978 fecimus
1051 1931 1184 1979 emendato
1202 1945 1263 1980 con·

139 1999 207 2048 venit
223 1999 309 2048 Plinio
327 2013 385 2047 cum
401 1997 489 2047 Sessio
505 1999 538 2045 ad
554 1995 632 2057 Verg.
648 1995 714 2045 Aen.
734 1999 756 2059 7,
774 1999 814 2047 27.
825 1995 908 2060 flatus
923 1995 1003 2055 omnis,
1022 1995 1066 2059 qui
1082 2005 1116 2044 est
1133 1996 1203 2061 ripae
1220 2007 1264 2048 aut

137 2065 226 2130 pelapi
238 2065 338 2115 adunus
349 2074 447 2114 vocatur
464 2063 537 2128 quasi
548 2079 578 2111 eu
590 2061 641 2112 alto
652 2061 719 2112 mari
732 2063 841 2129 spirans,
858 2079 940 2128 nequo
953 2079 1018 2128 opus
1031 2072 1069 2113 ost
1081 2063 1218 2128 confugere
1230 2068 1264 2116 ad

139 2135 249 2183 canones
265 2134 358 2183 Ideleri
373 2141 478 2182 meteor.
495 2147 520 2196 p.
540 2134 579 2182 ts.
603 2172 634 2179 -
658 2146 781 2196 consurpe,
798 2133 847 2182 R¹.
872 2173 903 2181 -
927 2131 970 2197 qui
992 2133 1116 2183 RTPad
1132 2129 1263 2200 (Robert.)

144 2200 187 2266 qui
198 2199 301 2265 quidem,
312 2197 362 2265 βγ.
382 2242 413 2249 -
431 2199 523 2264 apoqei,
536 2215 586 2248 om.
599 2200 640 2248 (1¹.
1229 2244 1230 2247 ,

173 2271 188 2333 ξ
202 2274 257 2318 115.
276 2270 390 2333 euastata,
407 2269 432 2318 R
443 2269 539 2319 'Parc
552 2265 639 2329 (codd.
656 2265 783 2329 Barbari.)
801 2267 921 2332 aurifluae,
938 2269 987 2318 R².
1006 2267 1137 2333 complexu,
1155 2272 1178 2319 d.
1201 2263 1266 2320 cota=

136 2337 219 2403 planu,
231 2337 262 2386 T.
281 2378 313 2385 ..
332 2336 416 2398 cubito,
432 2339 498 2387 Rad
514 2334 598 2399 (codd.
611 2331 729 2397 Barbas.)
747 2334 830 2396 subite,
847 2337 938 2386 TPru
952 2333 1044 2398 (Rob.)
1064 2377 1096 2387 -
1110 2336 1210 2399 fracta
1221 2339 1263 2390 Rs

139 2402 319 2469 (Rob.)faetu‚
328 2406 358 2455 P.
371 2406 505 2470 missraete,
514 2399 605 2468 adssy.
616 2446 648 2453 -
663 2403 790 2470 inanesces,
801 2403 826 2452 R
835 2406 850 2453 ¹.
867 2404 891 2453 in
904 2401 1020 2465 lumaos,
1032 2406 1095 2455 Pad
1107 2401 1260 2471 (1101).)βγ.

138 2473 310 2532 innumeroaR
318 2475 363 2523 2Τ.
370 2514 401 2521 -
410 2472 498 2521 nivium
510 2489 586 2533 erosa,
595 2489 615 2536 r.
635 2480 680 2520 aut
691 2470 806 2536 complexi
816 2471 893 2521 subito
905 2472 1021 2536 anfractu
1033 2473 1057 2521 in
1068 2489 1194 2522 numerosa
1203 2473 1262 2538 iupa

138 2540 313 2601 concaoi‚Pint.
321 2581 351 2589 ..
362 2540 493 2590 scindentes
504 2539 679 2604 inaequalitate
690 2537 750 2598 ideo,
757 2538 794 2589 R²
802 2539 880 2589 STd.
896 2539 1026 2590 scindentes
1037 2539 1188 2604 aequalitate
1199 2539 1261 2602 ideo,

138 2609 163 2658 R
173 2610 208 2659 ¹a.
226 2604 360 2659 scindentes
372 2606 544 2671 aequalitatem
555 2607 587 2667 in,
598 2608 628 2655 P.
647 2606 763 2654 scindunt
773 2605 937 2669 inaequaliter
948 2606 1013 2668 inde,
1024 2603 1052 2669 β.
1066 2649 1097 2657 -
1108 2623 1171 2656 aera
1182 2607 1261 2657 resul-

140 2683 234 2737 tantem,
243 2677 280 2726 Ρ.
300 2717 332 2724 -
351 2691 414 2738 quae
425 2689 511 2732 eausa,
525 2674 623 2722 RPad.
642 2689 719 2721 caasa
729 2681 855 2732 ventorum
869 2689 932 2736 quae
941 2690 1024 2732 causa,
1037 2676 1067 2722 T.
1081 2715 1113 2723 -
1131 2674 1181 2723 sine
1189 2674 1260 2736 fine5

139 2745 202 2793 haec
217 2746 294 2794 verba
311 2743 390 2792 Hand.
406 2755 424 2804 r
440 2740 507 2789 male
523 2742 556 2789 ad
573 2739 736 2802 parenthesin
751 2738 870 2800 referunt,
880 2741 902 2788 P
912 2736 1041 2801 (Bobert.)
1054 2736 1077 2800 β
1089 2741 1189 2791 initium
1200 2743 1260 2792 novi

138 2812 228 2874 capitis
245 2810 350 2859 faciunt.
377 2810 434 2871 Ego
457 2820 487 2855 eo
503 2807 586 2866 retuli,
599 2820 649 2869 quo
668 2812 738 2854 etex
758 2807 883 2856 sententia
899 2807 950 2855 loci
967 2815 1041 2855 etex
1058 2808 1179 2858 orationis
1197 2823 1258 2858 con-

139 2879 259 2926 cinnitate
274 2876 405 2925 referenda
419 2874 529 2924 fuerunt.
550 2914 580 2922 -
599 2873 656 2933 iam,
669 2888 719 2922 om.
736 2874 840 2923 Robest.
859 2915 891 2939 ,-
911 2872 1011 2938 quidam
1022 2876 1048 2924 in
1065 2877 1182 2925 omnibus
1201 2877 1257 2940 qui-

139 2947 197 2994 dem
217 2945 290 2993 codd.
302 2943 408 3005 legitur,
430 2944 474 2991 sed
493 2942 652 2991 scribendum
673 2941 772 2991 videtur
794 2939 896 3005 quidem,
914 2943 973 3005 quia
988 2958 1130 3007 pronomen
1147 2945 1208 2994 satis
1220 2953 1259 2995 est
1283 2969 1291 2984 κ

139 3012 248 3059 otiosum
266 3019 292 3060 et
306 3011 372 3060 Plin.
391 3010 537 3073 saepissime
553 3009 602 3057 iam
619 3006 714 3073 quidem
730 3019 751 3058 et
767 3007 804 3072 (v.
821 3013 854 3060 ad
870 3016 911 3072 33,
929 3008 990 3073 tu),
1006 3026 1147 3074 numquam
1163 3019 1257 3076 autem,

139 3086 262 3141 quantum
284 3079 350 3138 scio,
372 3077 421 3126 iam
440 3119 471 3126 -
490 3085 513 3126 et
529 3078 596 3127 dicit.
615 3077 693 3138 etiam
709 3078 812 3128 Robert.
841 3078 890 3127 iam
911 3079 960 3127 sine
974 3078 1119 3141 fine'ventos
1134 3090 1256 3144 pescant,

139 3143 239 3211 quidam
251 3145 324 3195 etiam
334 3163 427 3211 pecus,
439 3147 506 3196 Pint.
520 3187 551 3194 -
568 3144 701 3208 Delmatia,
713 3147 738 3196 R
748 3147 837 3197 ¹sTd.
859 3145 999 3208 Dalmatia,
1015 3140 1043 3197 θ.
1065 3145 1194 3211 Delmatia,
1206 3150 1255 3201 Re

136 3211 286 3276 Dalmatiae,
298 3215 342 3264 Pa
354 3212 484 3277 (Robert.)
495 3210 545 3278 βγ.
565 3256 596 3263 -.
614 3231 661 3279 ore,
673 3207 809 3266 RSTOd.
828 3233 880 3276 aa,
892 3217 934 3266 Pa
950 3211 1141 3279 (Romulidis.
1162 3259 1193 3267 -
1211 3234 1255 3267 uu·

136 3292 178 3343 sto,
190 3275 315 3333 STOad.
338 3291 410 3343 costo,
427 3284 477 3333 1³².
499 3282 564 3343 vesto,
580 3285 605 3332 R
615 3285 630 3332 ¹.
652 3282 755 3333 iustaP
771 3281 901 3344 (Robcrt.)
921 3325 952 3332 ..
969 3300 1090 3350 praeceps,
1107 3278 1220 3336 STOe¹
1230 3288 1255 3336 d.

136 3349 291 3416 impraeceps,
307 3352 332 3401 R
344 3348 382 3414 (l)
393 3346 509 3415 Pania.
529 3392 560 3398 -
580 3367 659 3414 quam,
672 3352 703 3400 R.
722 3392 754 3398 ..
778 3350 802 3398 in
818 3349 957 3414 tranquillo,
970 3353 1018 3400 R2.
1038 3393 1069 3400 -
1092 3351 1157 3402 Loco
1169 3363 1205 3403 est
1215 3370 1274 3403 na·

136 3434 194 3478 men,
210 3422 233 3469 d.
254 3460 285 3468 ..
304 3416 410 3484 Sempta,
428 3421 451 3468 d.
474 3418 610 3481 sentaquin.
633 3417 675 3477 Et,
691 3418 738 3466 Pu
752 3414 883 3478 (Robert.)
906 3415 986 3477 Senia,
1002 3420 1105 3469 Barbas.
1124 3423 1155 3468 ad
1172 3428 1196 3480 3,
1213 3427 1253 3470 21.

136 3487 151 3548 ,ξ
166 3491 221 3535 lto.
240 3527 272 3534 -
290 3484 433 3546 adsedere,
446 3487 495 3546 R2,
512 3489 582 3548 quod
593 3484 793 3548 praeferendum,
811 3486 833 3535 si
844 3501 916 3534 manu
932 3486 1044 3535 dativum
1057 3487 1192 3547 habemus;
1204 3488 1254 3537 vid.

136 3553 169 3600 ad
180 3557 221 3613 35,
239 3560 279 3602 20.
299 3594 330 3600 -
348 3553 460 3618 rapinas,
477 3556 518 3603 a².
540 3554 578 3603 At
595 3569 617 3602 u.
630 3553 700 3602 Mela
715 3554 736 3602 I.
755 3559 814 3612 8,1.
834 3593 865 3601 ..
884 3561 913 3608 et,
925 3553 954 3602 P.
974 3595 1005 3602 ..
1024 3552 1107 3613 multa,
1123 3546 1152 3603 θ.
1175 3553 1254 3616 multa

136 3619 186 3669 ΕΙ.
205 3619 293 3679 multis,
305 3617 465 3686 R²Passsp
486 3662 517 3670 ..
539 3618 687 3686 madefacta,
700 3614 779 3671 R'O.
807 3637 878 3670 manu
888 3620 973 3685 sucta,
986 3617 1147 3684 R²Padssp
1168 3663 1197 3670 ..
1216 3637 1254 3668 re·
1358 3672 1364 3678 .

136 3687 269 3752 captacula,
286 3690 335 3739 R².
355 3730 386 3738 ..
404 3706 493 3750 auras,
508 3689 583 3739 RsP.
606 3705 688 3748 aures,
705 3689 795 3738 R¹ad.
816 3729 846 3738 ..
865 3686 963 3750 iubent·
983 3687 1052 3750 adeo,
1068 3690 1186 3740 R²Pau
1209 3687 1254 3737 lu·

136 3755 191 3804 bant
202 3757 237 3806 ad
248 3754 314 3815 duee,
326 3757 371 3805 R‘.
390 3755 451 3806 adeo
462 3758 553 3818 labent,
565 3757 596 3805 T.

170 3824 254 3886 5116.
268 3822 336 3883 ‘Illa
353 3823 401 3873 3¹.
424 3824 457 3873 In
473 3823 535 3884 illos,
552 3824 602 3872 Re
627 3865 658 3872 ..
681 3834 763 3884 matos,
780 3826 883 3875 Barbas.
907 3866 939 3873 ..
960 3823 1089 3888 procellae,
1110 3816 1137 3872 θ.
1158 3866 1188 3872 ..
1212 3824 1256 3875 sed

136 3905 222 3950 mans,
234 3882 398 3941 R¹T0ad¹.
417 3892 461 3941 sed
471 3891 554 3950 maris,
566 3890 642 3940 R²d²
653 3888 815 3954 (Robcrtus.)
832 3889 971 3952 moriseni,
983 3887 1039 3954 Ρβ.
1053 3933 1084 3940 ,
1098 3891 1154 3952 siue,
1170 3892 1253 3943 RTe.

136 3955 221 4021 qsiva
240 3959 263 4006 d.
288 3971 351 4020 quae
367 3957 426 4019 siue,
444 3960 579 4008 Robertus.
603 3973 666 4020 quae
682 3958 740 4018 sine,
757 3960 786 4008 P.
811 3958 854 4022 qui
868 3954 964 4022 sivest.
985 4001 1016 4007 -
1036 3958 1140 4019 assidue,
1157 3961 1202 4013 R'.
1222 4003 1253 4011 ..
1281 3991 1292 3998 -

136 4022 222 4086 nonde,
234 4025 279 4073 1³¹.
299 4065 329 4072 ..
349 4023 430 4080 incita.
443 4026 527 4075 RPa²
539 4022 669 4086 (Robert.)
686 4024 767 4085 incito,
780 4029 815 4075 a¹.
834 4024 942 4086 incitata,
958 4018 1060 4090 6po
1078 4025 1145 4076 Cum
1158 4036 1183 4078 et
1194 4027 1253 4079 inci·

136 4102 175 4142 tus
185 4101 210 4141 et
222 4091 335 4141 incitatas
347 4091 397 4141 sint
409 4087 484 4148 ἅπαξ
495 4086 628 4157 εἰρημένα
639 4106 719 4154 aeque
730 4094 794 4143 bene
806 4093 922 4154 formata,
933 4094 997 4144 illud
1009 4095 1041 4144 ab
1053 4094 1083 4144 iis
1099 4098 1170 4145 codd.
1183 4112 1254 4147 com-

136 4163 291 4220 mendatum,
303 4176 320 4209 a
332 4159 422 4222 quibus
435 4161 483 4209 nisi
496 4160 582 4223 aliqua
596 4160 744 4209 necessitate
760 4168 866 4224 urgente
883 4175 937 4209 non
953 4162 1131 4225 discedendum
1147 4165 1253 4226 videtur,

136 4229 306 4292 recipiendum
324 4227 473 4277 existimavi.
494 4269 524 4276 ..
543 4243 579 4286 es,
596 4228 625 4276 P.
646 4269 677 4275 -
694 4244 775 4289 cursu,
792 4228 821 4277 P.
841 4269 872 4276 -
890 4239 1033 4288 nascantur,
1049 4231 1079 4281 P.
1099 4273 1130 4281 -
1153 4230 1195 4281 ille
1214 4231 1254 4281 iic

137 4296 218 4412 ceap?
234 4293 429 4415 ..Ipsaeratilis
442 4299 478 4347 ud
490 4291 620 4358 (Robert.)
631 4295 761 4360 peuerell,
773 4297 860 4348 RTP.
875 4338 906 4346 -
919 4295 1065 4425 illucqupbP
1078 4295 1208 4362 (Robore.)

209 4377 246 4413 nt.
279 4400 285 4414 .
