<?xml version="1.0" encoding="UTF-8"?>
<!DOCTYPE html PUBLIC "-//W3C//DTD XHTML 1.0 Transitional//EN"
    "http://www.w3.org/TR/xhtml1/DTD/xhtml1-transitional.dtd">
<html xmlns="http://www.w3.org/1999/xhtml" xml:lang="en" lang="en">
 <head>
  <title>
</title>
<meta http-equiv="Content-Type" content="text/html;charset=utf-8" />
  <meta name='ocr-system' content='tesseract 3.04.00' />
  <meta name='ocr-capabilities' content='ocr_page ocr_carea ocr_par ocr_line ocrx_word'/>
</head>
<body>
  <div class='ocr_page' id='page_1' title='image "./cplinisecundina08plingoog_0111.png"; bbox 0 0 2888 4794; ppageno 0'>
   <div class='ocr_carea' id='block_1_1' title="bbox 189 294 959 372">
    <p class='ocr_par' dir='ltr' id='par_1_1' title="bbox 189 294 959 372">
     <span class='ocr_line' id='line_1_1' title="bbox 189 294 959 372; baseline -0.004 0"><span class='ocrx_word' id='word_1_1' title='bbox 189 313 210 372; x_wconf 87' lang='grc'>4</span> <span class='ocrx_word' id='word_1_2' title='bbox 536 323 741 372; x_wconf 50' lang='lat' dir='ltr'>sternutus</span> <span class='ocrx_word' id='word_1_3' title='bbox 764 294 959 370; x_wconf 75' lang='lat' dir='ltr'>mesonma</span> 
     </span>
    </p>
   </div>
   <div class='ocr_carea' id='block_1_2' title="bbox 188 477 1343 1666">
    <p class='ocr_par' dir='ltr' id='par_1_2' title="bbox 188 477 1343 1666">
     <span class='ocr_line' id='line_1_2' title="bbox 191 477 1309 562; baseline 0 -19"><span class='ocrx_word' id='word_1_4' title='bbox 191 477 415 555; x_wconf 83' lang='lat' dir='ltr'>contuberni03</span> <span class='ocrx_word' id='word_1_5' title='bbox 438 499 499 542; x_wconf 89' lang='lat' dir='ltr'>nee</span> <span class='ocrx_word' id='word_1_6' title='bbox 521 479 693 561; x_wconf 89' lang='lat' dir='ltr'>quicquam</span> <span class='ocrx_word' id='word_1_7' title='bbox 714 477 746 539; x_wconf 92' lang='lat' dir='ltr'>in</span> <span class='ocrx_word' id='word_1_8' title='bbox 763 489 794 541; x_wconf 87' lang='lat' dir='ltr'>te</span> <span class='ocrx_word' id='word_1_9' title='bbox 809 478 943 541; x_wconf 88' lang='lat' dir='ltr'>mutavit</span> <span class='ocrx_word' id='word_1_10' title='bbox 958 477 1106 542; x_wconf 79' lang='lat' dir='ltr'><strong>fortunae</strong></span> <span class='ocrx_word' id='word_1_11' title='bbox 1121 477 1309 562; x_wconf 81' lang='lat' dir='ltr'><strong>amplitudo,</strong></span> 
     </span>
     <span class='ocr_line' id='line_1_3' title="bbox 189 580 1340 673; baseline 0 -22"><span class='ocrx_word' id='word_1_12' title='bbox 189 588 249 652; x_wconf 89' lang='lat' dir='ltr'>nisi</span> <span class='ocrx_word' id='word_1_13' title='bbox 276 599 313 652; x_wconf 93' lang='lat' dir='ltr'>ut</span> <span class='ocrx_word' id='word_1_14' title='bbox 339 589 491 673; x_wconf 82' lang='lat' dir='ltr'>prodesse</span> <span class='ocrx_word' id='word_1_15' title='bbox 520 587 707 652; x_wconf 80' lang='lat' dir='ltr'><strong>tantundem</strong></span> <span class='ocrx_word' id='word_1_16' title='bbox 733 610 847 673; x_wconf 89' lang='lat' dir='ltr'>posses</span> <span class='ocrx_word' id='word_1_17' title='bbox 874 600 911 652; x_wconf 93' lang='lat' dir='ltr'>ut</span> <span class='ocrx_word' id='word_1_18' title='bbox 936 589 1045 653; x_wconf 87' lang='lat' dir='ltr'>velles.</span> <span class='ocrx_word' id='word_1_19' title='bbox 1083 580 1208 671; x_wconf 86' lang='lat' dir='ltr'>¹Itaque</span> <span class='ocrx_word' id='word_1_20' title='bbox 1236 609 1340 654; x_wconf 76' lang='lat' dir='ltr'>cums</span> 
     </span>
     <span class='ocr_line' id='line_1_4' title="bbox 191 696 1310 782; baseline 0.001 -20"><span class='ocrx_word' id='word_1_21' title='bbox 191 698 305 763; x_wconf 90' lang='lat' dir='ltr'>ceteris</span> <span class='ocrx_word' id='word_1_22' title='bbox 326 698 359 763; x_wconf 93' lang='lat' dir='ltr'>in</span> <span class='ocrx_word' id='word_1_23' title='bbox 381 698 620 764; x_wconf 89' lang='lat' dir='ltr'>venerationem</span> <span class='ocrx_word' id='word_1_24' title='bbox 643 699 690 763; x_wconf 90' lang='lat' dir='ltr'>tui</span> <span class='ocrx_word' id='word_1_25' title='bbox 711 708 843 782; x_wconf 88' lang='lat' dir='ltr'>pateant</span> <span class='ocrx_word' id='word_1_26' title='bbox 864 698 970 762; x_wconf 90' lang='lat' dir='ltr'>omnia</span> <span class='ocrx_word' id='word_1_27' title='bbox 991 698 1054 776; x_wconf 93' lang='lat' dir='ltr'>illa,</span> <span class='ocrx_word' id='word_1_28' title='bbox 1076 696 1168 762; x_wconf 90' lang='lat' dir='ltr'>nobis</span> <span class='ocrx_word' id='word_1_29' title='bbox 1190 698 1232 762; x_wconf 87' lang='lat' dir='ltr'>ad</span> <span class='ocrx_word' id='word_1_30' title='bbox 1255 720 1310 763; x_wconf 91' lang='lat' dir='ltr'>co-</span> 
     </span>
     <span class='ocr_line' id='line_1_5' title="bbox 188 807 1311 895; baseline 0.003 -23"><span class='ocrx_word' id='word_1_31' title='bbox 188 808 319 873; x_wconf 91' lang='lat' dir='ltr'>lendum</span> <span class='ocrx_word' id='word_1_32' title='bbox 342 820 373 873; x_wconf 90' lang='lat' dir='ltr'>te</span> <span class='ocrx_word' id='word_1_33' title='bbox 395 808 581 873; x_wconf 84' lang='lat' dir='ltr'>familiarius</span> <span class='ocrx_word' id='word_1_34' title='bbox 603 807 738 872; x_wconf 90' lang='lat' dir='ltr'>audacia</span> <span class='ocrx_word' id='word_1_35' title='bbox 760 808 827 873; x_wconf 88' lang='lat' dir='ltr'>sola</span> <span class='ocrx_word' id='word_1_36' title='bbox 848 818 1010 892; x_wconf 85' lang='lat' dir='ltr'>superest3</span> <span class='ocrx_word' id='word_1_37' title='bbox 1033 807 1117 872; x_wconf 90' lang='lat' dir='ltr'>hane</span> <span class='ocrx_word' id='word_1_38' title='bbox 1138 808 1237 895; x_wconf 84' lang='lat' dir='ltr'>igitur</span> <span class='ocrx_word' id='word_1_39' title='bbox 1253 808 1311 875; x_wconf 92' lang='lat' dir='ltr'>tibi</span> 
     </span>
     <span class='ocr_line' id='line_1_6' title="bbox 189 915 1312 1004; baseline 0.001 -23"><span class='ocrx_word' id='word_1_40' title='bbox 189 918 351 1002; x_wconf 86' lang='lat' dir='ltr'>inputabis</span> <span class='ocrx_word' id='word_1_41' title='bbox 374 918 462 982; x_wconf 94' lang='lat' dir='ltr'>etin</span> <span class='ocrx_word' id='word_1_42' title='bbox 483 928 593 982; x_wconf 88' lang='lat' dir='ltr'>nostra</span> <span class='ocrx_word' id='word_1_43' title='bbox 615 917 710 1002; x_wconf 92' lang='lat' dir='ltr'>culpa</span> <span class='ocrx_word' id='word_1_44' title='bbox 732 916 790 982; x_wconf 90' lang='lat' dir='ltr'>tibi</span> <span class='ocrx_word' id='word_1_45' title='bbox 811 917 971 1004; x_wconf 85' lang='lat' dir='ltr'>ignosces.</span> <span class='ocrx_word' id='word_1_46' title='bbox 1012 915 1173 984; x_wconf 88' lang='lat' dir='ltr'>Perfricui</span> <span class='ocrx_word' id='word_1_47' title='bbox 1194 918 1312 984; x_wconf 91' lang='lat' dir='ltr'>faciem</span> 
     </span>
     <span class='ocr_line' id='line_1_7' title="bbox 188 1027 1311 1115; baseline 0.001 -23"><span class='ocrx_word' id='word_1_48' title='bbox 188 1051 249 1093; x_wconf 90' lang='lat' dir='ltr'>nec</span> <span class='ocrx_word' id='word_1_49' title='bbox 272 1038 378 1092; x_wconf 70' lang='lat' dir='ltr'>tanuen</span> <span class='ocrx_word' id='word_1_50' title='bbox 399 1028 533 1112; x_wconf 79' lang='lat' dir='ltr'>profeci,</span> <span class='ocrx_word' id='word_1_51' title='bbox 557 1027 706 1111; x_wconf 89' lang='lat' dir='ltr'>quoniam</span> <span class='ocrx_word' id='word_1_52' title='bbox 728 1027 790 1092; x_wconf 94' lang='lat' dir='ltr'>alia</span> <span class='ocrx_word' id='word_1_53' title='bbox 811 1027 864 1091; x_wconf 93' lang='lat' dir='ltr'>via</span> <span class='ocrx_word' id='word_1_54' title='bbox 885 1027 1027 1091; x_wconf 89' lang='lat' dir='ltr'>occurris</span> <span class='ocrx_word' id='word_1_55' title='bbox 1049 1028 1164 1115; x_wconf 85' lang='lat' dir='ltr'>ingens</span> <span class='ocrx_word' id='word_1_56' title='bbox 1187 1038 1220 1093; x_wconf 93' lang='lat' dir='ltr'>et</span> <span class='ocrx_word' id='word_1_57' title='bbox 1240 1029 1311 1094; x_wconf 91' lang='lat' dir='ltr'>lon-</span> 
     </span>
     <span class='ocr_line' id='line_1_8' title="bbox 190 1135 1340 1226; baseline -0.002 -24"><span class='ocrx_word' id='word_1_58' title='bbox 190 1138 263 1226; x_wconf 86' lang='lat' dir='ltr'>gius</span> <span class='ocrx_word' id='word_1_59' title='bbox 286 1138 383 1201; x_wconf 90' lang='lat' dir='ltr'>etiam</span> <span class='ocrx_word' id='word_1_60' title='bbox 405 1138 575 1202; x_wconf 88' lang='lat' dir='ltr'>submoves</span> <span class='ocrx_word' id='word_1_61' title='bbox 597 1136 707 1224; x_wconf 86' lang='lat' dir='ltr'>ingeni</span> <span class='ocrx_word' id='word_1_62' title='bbox 729 1136 881 1201; x_wconf 76' lang='lat' dir='ltr'><strong>fascibus.</strong></span> <span class='ocrx_word' id='word_1_63' title='bbox 915 1135 1076 1224; x_wconf 86' lang='lat' dir='ltr'>Fulgurat</span> <span class='ocrx_word' id='word_1_64' title='bbox 1096 1138 1130 1203; x_wconf 93' lang='lat' dir='ltr'>in</span> <span class='ocrx_word' id='word_1_65' title='bbox 1150 1139 1216 1205; x_wconf 92' lang='lat' dir='ltr'>ullo</span> <span class='ocrx_word' id='word_1_66' title='bbox 1238 1157 1340 1203; x_wconf 79' lang='lat' dir='ltr'>um·s</span> 
     </span>
     <span class='ocr_line' id='line_1_9' title="bbox 191 1229 1312 1334; baseline 0.001 -22"><span class='ocrx_word' id='word_1_67' title='bbox 191 1270 287 1331; x_wconf 89' lang='lat' dir='ltr'>quam</span> <span class='ocrx_word' id='word_1_68' title='bbox 319 1248 428 1312; x_wconf 87' lang='lat' dir='ltr'>verius</span> <span class='ocrx_word' id='word_1_69' title='bbox 461 1247 547 1312; x_wconf 91' lang='lat' dir='ltr'>dicta</span> <span class='ocrx_word' id='word_1_70' title='bbox 578 1247 627 1312; x_wconf 89' lang='lat' dir='ltr'>vis</span> <span class='ocrx_word' id='word_1_71' title='bbox 643 1229 877 1329; x_wconf 86' lang='lat' dir='ltr'>eloquentiae,</span> <span class='ocrx_word' id='word_1_72' title='bbox 917 1247 1105 1314; x_wconf 82' lang='lat' dir='ltr'>tribuniciae</span> <span class='ocrx_word' id='word_1_73' title='bbox 1142 1249 1312 1334; x_wconf 86' lang='lat' dir='ltr'>potestatis</span> 
     </span>
     <span class='ocr_line' id='line_1_10' title="bbox 192 1355 1311 1441; baseline 0 -19"><span class='ocrx_word' id='word_1_74' title='bbox 192 1358 382 1423; x_wconf 79' lang='lat' dir='ltr'>facundiae?</span> <span class='ocrx_word' id='word_1_75' title='bbox 426 1355 557 1439; x_wconf 75' lang='lat' dir='ltr'>Quanto</span> <span class='ocrx_word' id='word_1_76' title='bbox 580 1368 616 1421; x_wconf 95' lang='lat' dir='ltr'>tu</span> <span class='ocrx_word' id='word_1_77' title='bbox 638 1379 692 1421; x_wconf 92' lang='lat' dir='ltr'>ore</span> <span class='ocrx_word' id='word_1_78' title='bbox 714 1357 815 1441; x_wconf 91' lang='lat' dir='ltr'>patris</span> <span class='ocrx_word' id='word_1_79' title='bbox 837 1357 949 1422; x_wconf 89' lang='lat' dir='ltr'>laudes</span> <span class='ocrx_word' id='word_1_80' title='bbox 972 1357 1079 1422; x_wconf 90' lang='lat' dir='ltr'>tonasl</span> <span class='ocrx_word' id='word_1_81' title='bbox 1103 1369 1222 1441; x_wconf 86' lang='lat' dir='ltr'>quanto</span> <span class='ocrx_word' id='word_1_82' title='bbox 1244 1359 1311 1422; x_wconf 86' lang='lat' dir='ltr'>fra-</span> 
     </span>
     <span class='ocr_line' id='line_1_11' title="bbox 193 1463 1311 1554; baseline 0.001 -22"><span class='ocrx_word' id='word_1_83' title='bbox 193 1469 250 1532; x_wconf 85' lang='lat' dir='ltr'>tris</span> <span class='ocrx_word' id='word_1_84' title='bbox 272 1467 374 1532; x_wconf 86' lang='lat' dir='ltr'>amasi</span> <span class='ocrx_word' id='word_1_85' title='bbox 399 1478 537 1551; x_wconf 89' lang='lat' dir='ltr'>quantus</span> <span class='ocrx_word' id='word_1_86' title='bbox 558 1468 591 1530; x_wconf 93' lang='lat' dir='ltr'>in</span> <span class='ocrx_word' id='word_1_87' title='bbox 606 1467 732 1551; x_wconf 90' lang='lat' dir='ltr'>poetica</span> <span class='ocrx_word' id='word_1_88' title='bbox 747 1466 797 1531; x_wconf 79' lang='lat' dir='ltr'>es!</span> <span class='ocrx_word' id='word_1_89' title='bbox 826 1463 857 1529; x_wconf 95' lang='grc' dir='ltr'>Ο</span> <span class='ocrx_word' id='word_1_90' title='bbox 872 1490 989 1554; x_wconf 86' lang='lat' dir='ltr'>magna</span> <span class='ocrx_word' id='word_1_91' title='bbox 1003 1468 1184 1533; x_wconf 85' lang='lat' dir='ltr'>fecunditas</span> <span class='ocrx_word' id='word_1_92' title='bbox 1198 1468 1311 1535; x_wconf 89' lang='lat' dir='ltr'>animil</span> 
     </span>
     <span class='ocr_line' id='line_1_12' title="bbox 194 1565 1343 1666; baseline -0.001 -21"><span class='ocrx_word' id='word_1_93' title='bbox 194 1578 465 1663; x_wconf 86' lang='lat' dir='ltr'>quemadmodum</span> <span class='ocrx_word' id='word_1_94' title='bbox 491 1578 624 1642; x_wconf 83' lang='lat' dir='ltr'>fratrem</span> <span class='ocrx_word' id='word_1_95' title='bbox 651 1598 779 1659; x_wconf 91' lang='lat' dir='ltr'>quoque</span> <span class='ocrx_word' id='word_1_96' title='bbox 806 1577 977 1642; x_wconf 83' lang='lat' dir='ltr'>imitareris</span> <span class='ocrx_word' id='word_1_97' title='bbox 998 1565 1206 1666; x_wconf 65' lang='lat' dir='ltr'>excogitasti</span> <span class='ocrx_word' id='word_1_98' title='bbox 1245 1575 1343 1644; x_wconf 76' lang='lat' dir='ltr'>sede</span> 
     </span>
    </p>
   </div>
   <div class='ocr_carea' id='block_1_3' title="bbox 226 1760 1312 1861">
    <p class='ocr_par' dir='ltr' id='par_1_3' title="bbox 226 1760 1312 1861">
     <span class='ocr_line' id='line_1_13' title="bbox 226 1760 1312 1861; baseline 0.002 -17"><span class='ocrx_word' id='word_1_99' title='bbox 226 1812 271 1846; x_wconf 83' lang='lat' dir='ltr'>nec</span> <span class='ocrx_word' id='word_1_100' title='bbox 289 1796 433 1860; x_wconf 80' lang='lat' dir='ltr'>quicquum,</span> <span class='ocrx_word' id='word_1_101' title='bbox 451 1790 502 1844; x_wconf 80' lang='lat' dir='ltr'>Pl.</span> <span class='ocrx_word' id='word_1_102' title='bbox 519 1792 695 1856; x_wconf 79' lang='lat' dir='ltr'>nequicquam,</span> <span class='ocrx_word' id='word_1_103' title='bbox 713 1809 736 1842; x_wconf 88' lang='lat' dir='ltr'>a.</span> <span class='ocrx_word' id='word_1_104' title='bbox 763 1790 942 1855; x_wconf 78' lang='lat' dir='ltr'>nequidquam,</span> <span class='ocrx_word' id='word_1_105' title='bbox 959 1794 1007 1843; x_wconf 90' lang='lat' dir='ltr'>bd.</span> <span class='ocrx_word' id='word_1_106' title='bbox 1029 1809 1074 1842; x_wconf 87' lang='lat' dir='ltr'>aec</span> <span class='ocrx_word' id='word_1_107' title='bbox 1091 1760 1312 1861; x_wconf 59' lang='lat' dir='ltr'>quidquamdr.</span> 
     </span>
    </p>
   </div>
   <div class='ocr_carea' id='block_1_4' title="bbox 187 1859 1361 4304">
    <p class='ocr_par' dir='ltr' id='par_1_4' title="bbox 192 1859 1313 2133">
     <span class='ocr_line' id='line_1_14' title="bbox 193 1859 1313 1930; baseline -0.002 -16"><span class='ocrx_word' id='word_1_108' title='bbox 193 1880 362 1928; x_wconf 78' lang='lat' dir='ltr'>nequaquam,</span> <span class='ocrx_word' id='word_1_109' title='bbox 378 1880 405 1930; x_wconf 77' lang='grc' dir='ltr'>η.</span> <span class='ocrx_word' id='word_1_110' title='bbox 425 1903 453 1912; x_wconf 91' lang='grc'>..</span> <span class='ocrx_word' id='word_1_111' title='bbox 473 1863 500 1913; x_wconf 83' lang='lat' dir='ltr'>s&#39;tt</span> <span class='ocrx_word' id='word_1_112' title='bbox 519 1869 542 1910; x_wconf 83' lang='lat' dir='ltr'>te</span> <span class='ocrx_word' id='word_1_113' title='bbox 559 1860 676 1922; x_wconf 80' lang='lat' dir='ltr'>mutavit,</span> <span class='ocrx_word' id='word_1_114' title='bbox 688 1862 718 1910; x_wconf 89' lang='lat' dir='ltr'>P.</span> <span class='ocrx_word' id='word_1_115' title='bbox 737 1901 764 1909; x_wconf 85' lang='lat'><em>-</em></span> <span class='ocrx_word' id='word_1_116' title='bbox 784 1859 844 1921; x_wconf 80' lang='lat' dir='ltr'>nisi,</span> <span class='ocrx_word' id='word_1_117' title='bbox 856 1861 947 1910; x_wconf 88' lang='lat' dir='ltr'>Ambr.</span> <span class='ocrx_word' id='word_1_118' title='bbox 959 1863 981 1912; x_wconf 93' lang='lat' dir='ltr'>I.</span> <span class='ocrx_word' id='word_1_119' title='bbox 993 1862 1028 1912; x_wconf 93' lang='lat' dir='ltr'>II.</span> <span class='ocrx_word' id='word_1_120' title='bbox 1041 1863 1135 1924; x_wconf 82' lang='lat' dir='ltr'>aliique</span> <span class='ocrx_word' id='word_1_121' title='bbox 1147 1877 1188 1926; x_wconf 88' lang='lat' dir='ltr'>ap.</span> <span class='ocrx_word' id='word_1_122' title='bbox 1201 1865 1313 1914; x_wconf 58' lang='lat' dir='ltr'>&amp;mon</span> 
     </span>
     <span class='ocr_line' id='line_1_15' title="bbox 193 1923 1313 1995; baseline -0.002 -12"><span class='ocrx_word' id='word_1_123' title='bbox 193 1975 224 1983; x_wconf 83' lang='lat'>..</span> <span class='ocrx_word' id='word_1_124' title='bbox 244 1932 271 1981; x_wconf 83' lang='lat' dir='ltr'>iu</span> <span class='ocrx_word' id='word_1_125' title='bbox 289 1931 330 1981; x_wconf 79' lang='lat' dir='ltr'>its</span> <span class='ocrx_word' id='word_1_126' title='bbox 348 1931 402 1981; x_wconf 79' lang='lat' dir='ltr'>nisi</span> <span class='ocrx_word' id='word_1_127' title='bbox 408 1969 415 1993; x_wconf 94' lang='lat'>,</span> <span class='ocrx_word' id='word_1_128' title='bbox 434 1923 638 1995; x_wconf 74' lang='lat' dir='ltr'>adequi,</span> <span class='ocrx_word' id='word_1_129' title='bbox 657 1931 726 1991; x_wconf 92' lang='lat' dir='ltr'>quod</span> <span class='ocrx_word' id='word_1_130' title='bbox 742 1943 775 1978; x_wconf 84' lang='lat' dir='ltr'>ex</span> <span class='ocrx_word' id='word_1_131' title='bbox 792 1929 882 1977; x_wconf 89' lang='lat' dir='ltr'>litteris</span> <span class='ocrx_word' id='word_1_132' title='bbox 899 1929 1005 1992; x_wconf 88' lang='lat' dir='ltr'>paulum</span> <span class='ocrx_word' id='word_1_133' title='bbox 1021 1931 1131 1979; x_wconf 66' lang='lat' dir='ltr'>umectis</span> <span class='ocrx_word' id='word_1_134' title='bbox 1144 1928 1197 1978; x_wconf 81' lang='lat' dir='ltr'>iuis</span> <span class='ocrx_word' id='word_1_135' title='bbox 1214 1938 1240 1980; x_wconf 89' lang='lat' dir='ltr'>et</span> <span class='ocrx_word' id='word_1_136' title='bbox 1255 1933 1313 1981; x_wconf 85' lang='lat' dir='ltr'>inde</span> 
     </span>
     <span class='ocr_line' id='line_1_16' title="bbox 193 1994 1312 2065; baseline -0.002 -14"><span class='ocrx_word' id='word_1_137' title='bbox 193 2009 254 2051; x_wconf 86' lang='lat' dir='ltr'>nats</span> <span class='ocrx_word' id='word_1_138' title='bbox 271 2001 445 2063; x_wconf 86' lang='lat' dir='ltr'>dittographia</span> <span class='ocrx_word' id='word_1_139' title='bbox 462 2007 547 2048; x_wconf 89' lang='lat' dir='ltr'>ortum</span> <span class='ocrx_word' id='word_1_140' title='bbox 563 1999 742 2047; x_wconf 87' lang='lat' dir='ltr'>videturesse.</span> <span class='ocrx_word' id='word_1_141' title='bbox 764 2037 792 2045; x_wconf 91' lang='grc'>..</span> <span class='ocrx_word' id='word_1_142' title='bbox 814 1994 957 2060; x_wconf 78' lang='lat' dir='ltr'>prodesset,</span> <span class='ocrx_word' id='word_1_143' title='bbox 974 2013 999 2062; x_wconf 78' lang='grc' dir='ltr'>η.</span> <span class='ocrx_word' id='word_1_144' title='bbox 1023 2037 1052 2046; x_wconf 82' lang='lat'>..</span> <span class='ocrx_word' id='word_1_145' title='bbox 1072 2013 1171 2061; x_wconf 85' lang='lat' dir='ltr'>posses,</span> <span class='ocrx_word' id='word_1_146' title='bbox 1188 1994 1312 2065; x_wconf 76' lang='lat' dir='ltr'>depi.</span> 
     </span>
     <span class='ocr_line' id='line_1_17' title="bbox 192 2059 784 2133; baseline -0.005 -17"><span class='ocrx_word' id='word_1_147' title='bbox 192 2076 290 2133; x_wconf 87' lang='lat' dir='ltr'>posset,</span> <span class='ocrx_word' id='word_1_148' title='bbox 303 2070 378 2117; x_wconf 87' lang='lat' dir='ltr'>adT.</span> <span class='ocrx_word' id='word_1_149' title='bbox 394 2107 422 2115; x_wconf 82' lang='lat'>-</span> <span class='ocrx_word' id='word_1_150' title='bbox 437 2075 472 2128; x_wconf 89' lang='lat' dir='ltr'>ut,</span> <span class='ocrx_word' id='word_1_151' title='bbox 485 2059 699 2131; x_wconf 73' lang='lat' dir='ltr'>adePdpir.</span> <span class='ocrx_word' id='word_1_152' title='bbox 713 2072 744 2124; x_wconf 86' lang='lat' dir='ltr'>et,</span> <span class='ocrx_word' id='word_1_153' title='bbox 755 2060 784 2125; x_wconf 75' lang='grc' dir='ltr'>β,</span> 
     </span>
    </p>

    <p class='ocr_par' dir='ltr' id='par_1_5' title="bbox 187 2128 1361 4304">
     <span class='ocr_line' id='line_1_18' title="bbox 230 2128 1314 2199; baseline 0 -15"><span class='ocrx_word' id='word_1_154' title='bbox 230 2135 244 2195; x_wconf 70' lang='grc' dir='ltr'><strong>ξ</strong></span> <span class='ocrx_word' id='word_1_155' title='bbox 257 2142 281 2184; x_wconf 83' lang='grc'>4.</span> <span class='ocrx_word' id='word_1_156' title='bbox 294 2135 488 2194; x_wconf 83' lang='lat' dir='ltr'>uenerationem,</span> <span class='ocrx_word' id='word_1_157' title='bbox 501 2137 537 2183; x_wconf 89' lang='lat' dir='ltr'>ad</span> <span class='ocrx_word' id='word_1_158' title='bbox 550 2131 652 2195; x_wconf 88' lang='lat' dir='ltr'>(Ambr.</span> <span class='ocrx_word' id='word_1_159' title='bbox 664 2130 713 2193; x_wconf 85' lang='lat'>11.)</span> <span class='ocrx_word' id='word_1_160' title='bbox 732 2131 902 2191; x_wconf 80' lang='lat' dir='ltr'>ueneratione,</span> <span class='ocrx_word' id='word_1_161' title='bbox 919 2128 1051 2199; x_wconf 72' lang='lat' dir='ltr'>Pbrdtyi</span> <span class='ocrx_word' id='word_1_162' title='bbox 1064 2132 1166 2196; x_wconf 90' lang='lat' dir='ltr'>(Ambr.</span> <span class='ocrx_word' id='word_1_163' title='bbox 1178 2130 1214 2196; x_wconf 81' lang='lat' dir='ltr'>L)</span> <span class='ocrx_word' id='word_1_164' title='bbox 1229 2173 1258 2191; x_wconf 41' lang='grc' dir='ltr'><strong>φ</strong></span> <span class='ocrx_word' id='word_1_165' title='bbox 1272 2150 1314 2184; x_wconf 82' lang='lat' dir='ltr'>su-</span> 
     </span>
     <span class='ocr_line' id='line_1_19' title="bbox 193 2196 1315 2268; baseline 0.002 -18"><span class='ocrx_word' id='word_1_166' title='bbox 193 2211 281 2268; x_wconf 86' lang='lat' dir='ltr'>perest</span> <span class='ocrx_word' id='word_1_167' title='bbox 292 2200 357 2262; x_wconf 87' lang='lat' dir='ltr'>scia,</span> <span class='ocrx_word' id='word_1_168' title='bbox 369 2196 392 2250; x_wconf 81' lang='lat' dir='ltr'>l.</span> <span class='ocrx_word' id='word_1_169' title='bbox 411 2203 447 2252; x_wconf 89' lang='lat' dir='ltr'>Ut</span> <span class='ocrx_word' id='word_1_170' title='bbox 458 2217 503 2264; x_wconf 90' lang='lat' dir='ltr'>per</span> <span class='ocrx_word' id='word_1_171' title='bbox 514 2202 653 2259; x_wconf 88' lang='lat' dir='ltr'>maximam</span> <span class='ocrx_word' id='word_1_172' title='bbox 665 2201 742 2249; x_wconf 90' lang='lat' dir='ltr'>huius</span> <span class='ocrx_word' id='word_1_173' title='bbox 753 2200 917 2262; x_wconf 88' lang='lat' dir='ltr'>praefationis</span> <span class='ocrx_word' id='word_1_174' title='bbox 929 2209 1035 2263; x_wconf 88' lang='lat' dir='ltr'>partem,</span> <span class='ocrx_word' id='word_1_175' title='bbox 1046 2202 1083 2252; x_wconf 87' lang='lat' dir='ltr'>ita</span> <span class='ocrx_word' id='word_1_176' title='bbox 1093 2202 1136 2251; x_wconf 90' lang='lat' dir='ltr'>hic</span> <span class='ocrx_word' id='word_1_177' title='bbox 1148 2217 1251 2266; x_wconf 87' lang='lat' dir='ltr'>quoque</span> <span class='ocrx_word' id='word_1_178' title='bbox 1261 2202 1315 2255; x_wconf 87' lang='lat' dir='ltr'>Pli-</span> 
     </span>
     <span class='ocr_line' id='line_1_20' title="bbox 196 2264 1317 2334; baseline 0.002 -15"><span class='ocrx_word' id='word_1_179' title='bbox 196 2271 254 2320; x_wconf 86' lang='lat' dir='ltr'>nius</span> <span class='ocrx_word' id='word_1_180' title='bbox 271 2285 394 2333; x_wconf 89' lang='lat' dir='ltr'>perquam</span> <span class='ocrx_word' id='word_1_181' title='bbox 410 2264 530 2332; x_wconf 87' lang='lat' dir='ltr'>impedite</span> <span class='ocrx_word' id='word_1_182' title='bbox 546 2269 668 2330; x_wconf 89' lang='lat' dir='ltr'>loquitur,</span> <span class='ocrx_word' id='word_1_183' title='bbox 686 2268 783 2317; x_wconf 89' lang='lat' dir='ltr'>duabus</span> <span class='ocrx_word' id='word_1_184' title='bbox 801 2268 897 2317; x_wconf 87' lang='lat' dir='ltr'>seilicet</span> <span class='ocrx_word' id='word_1_185' title='bbox 914 2269 1044 2319; x_wconf 86' lang='lat' dir='ltr'>sententiis</span> <span class='ocrx_word' id='word_1_186' title='bbox 1061 2285 1106 2334; x_wconf 89' lang='lat' dir='ltr'>per</span> <span class='ocrx_word' id='word_1_187' title='bbox 1118 2285 1145 2319; x_wconf 90' lang='lat' dir='ltr'>se</span> <span class='ocrx_word' id='word_1_188' title='bbox 1156 2269 1273 2321; x_wconf 84' lang='lat' dir='ltr'>faci-libus</span> <span class='ocrx_word' id='word_1_189' title='bbox 1290 2279 1317 2320; x_wconf 89' lang='lat' dir='ltr'>et</span> 
     </span>
     <span class='ocr_line' id='line_1_21' title="bbox 197 2337 1316 2402; baseline 0.004 -15"><span class='ocrx_word' id='word_1_190' title='bbox 197 2338 355 2401; x_wconf 86' lang='lat' dir='ltr'>simplicibus</span> <span class='ocrx_word' id='word_1_191' title='bbox 371 2337 554 2386; x_wconf 84' lang='lat' dir='ltr'>violentissime</span> <span class='ocrx_word' id='word_1_192' title='bbox 566 2337 613 2385; x_wconf 89' lang='lat' dir='ltr'>sibi</span> <span class='ocrx_word' id='word_1_193' title='bbox 625 2337 732 2385; x_wconf 87' lang='lat' dir='ltr'>innexis.</span> <span class='ocrx_word' id='word_1_194' title='bbox 752 2337 883 2386; x_wconf 83' lang='lat' dir='ltr'>Sententia</span> <span class='ocrx_word' id='word_1_195' title='bbox 893 2337 953 2398; x_wconf 90' lang='lat' dir='ltr'>loci,</span> <span class='ocrx_word' id='word_1_196' title='bbox 966 2352 1043 2400; x_wconf 91' lang='lat' dir='ltr'>quem</span> <span class='ocrx_word' id='word_1_197' title='bbox 1059 2346 1167 2402; x_wconf 88' lang='lat' dir='ltr'>excepto</span> <span class='ocrx_word' id='word_1_198' title='bbox 1185 2353 1238 2389; x_wconf 90' lang='lat' dir='ltr'>uno</span> <span class='ocrx_word' id='word_1_199' title='bbox 1250 2339 1316 2391; x_wconf 74' lang='lat' dir='ltr'>Tur-</span> 
     </span>
     <span class='ocr_line' id='line_1_22' title="bbox 198 2404 1316 2470; baseline 0.003 -16"><span class='ocrx_word' id='word_1_200' title='bbox 198 2407 273 2465; x_wconf 90' lang='lat' dir='ltr'>nebo,</span> <span class='ocrx_word' id='word_1_201' title='bbox 287 2405 330 2468; x_wconf 89' lang='lat' dir='ltr'>qui</span> <span class='ocrx_word' id='word_1_202' title='bbox 341 2413 427 2454; x_wconf 80' lang='lat' dir='ltr'>tarum</span> <span class='ocrx_word' id='word_1_203' title='bbox 438 2419 553 2468; x_wconf 88' lang='lat' dir='ltr'>perverse</span> <span class='ocrx_word' id='word_1_204' title='bbox 570 2419 629 2453; x_wconf 91' lang='lat' dir='ltr'>eum</span> <span class='ocrx_word' id='word_1_205' title='bbox 640 2404 773 2464; x_wconf 84' lang='lat' dir='ltr'>intellexit,</span> <span class='ocrx_word' id='word_1_206' title='bbox 786 2418 875 2453; x_wconf 91' lang='lat' dir='ltr'>omnes</span> <span class='ocrx_word' id='word_1_207' title='bbox 891 2405 1039 2468; x_wconf 86' lang='lat' dir='ltr'>interpretes</span> <span class='ocrx_word' id='word_1_208' title='bbox 1051 2407 1118 2455; x_wconf 89' lang='lat' dir='ltr'>sicco</span> <span class='ocrx_word' id='word_1_209' title='bbox 1135 2408 1200 2470; x_wconf 88' lang='lat' dir='ltr'>pede</span> <span class='ocrx_word' id='word_1_210' title='bbox 1211 2407 1316 2457; x_wconf 86' lang='lat' dir='ltr'>transie-</span> 
     </span>
     <span class='ocr_line' id='line_1_23' title="bbox 197 2472 1316 2538; baseline 0 -14"><span class='ocrx_word' id='word_1_211' title='bbox 197 2480 265 2534; x_wconf 84' lang='lat' dir='ltr'>runt,</span> <span class='ocrx_word' id='word_1_212' title='bbox 280 2474 317 2522; x_wconf 89' lang='lat' dir='ltr'>ita</span> <span class='ocrx_word' id='word_1_213' title='bbox 334 2480 373 2522; x_wconf 91' lang='lat' dir='ltr'>est</span> <span class='ocrx_word' id='word_1_214' title='bbox 389 2473 557 2536; x_wconf 83' lang='lat' dir='ltr'>expedienda:</span> <span class='ocrx_word' id='word_1_215' title='bbox 574 2474 665 2533; x_wconf 87' lang='lat' dir='ltr'>Itaque</span> <span class='ocrx_word' id='word_1_216' title='bbox 677 2486 735 2521; x_wconf 88' lang='lat' dir='ltr'>cum</span> <span class='ocrx_word' id='word_1_217' title='bbox 747 2480 775 2520; x_wconf 91' lang='lat' dir='ltr'>tn</span> <span class='ocrx_word' id='word_1_218' title='bbox 787 2472 925 2521; x_wconf 86' lang='lat' dir='ltr'>etiamnum</span> <span class='ocrx_word' id='word_1_219' title='bbox 937 2488 993 2523; x_wconf 89' lang='lat' dir='ltr'>eam</span> <span class='ocrx_word' id='word_1_220' title='bbox 1005 2487 1082 2535; x_wconf 91' lang='lat' dir='ltr'>quam</span> <span class='ocrx_word' id='word_1_221' title='bbox 1094 2489 1175 2538; x_wconf 89' lang='lat' dir='ltr'>nuper</span> <span class='ocrx_word' id='word_1_222' title='bbox 1187 2475 1215 2523; x_wconf 91' lang='lat' dir='ltr'>in</span> <span class='ocrx_word' id='word_1_223' title='bbox 1227 2482 1316 2524; x_wconf 82' lang='lat' dir='ltr'>contu·</span> 
     </span>
     <span class='ocr_line' id='line_1_24' title="bbox 197 2540 1357 2605; baseline 0.002 -14"><span class='ocrx_word' id='word_1_224' title='bbox 197 2543 285 2592; x_wconf 90' lang='lat' dir='ltr'>bernio</span> <span class='ocrx_word' id='word_1_225' title='bbox 298 2541 446 2591; x_wconf 86' lang='lat' dir='ltr'>facilitatem</span> <span class='ocrx_word' id='word_1_226' title='bbox 458 2549 484 2590; x_wconf 88' lang='lat' dir='ltr'>et</span> <span class='ocrx_word' id='word_1_227' title='bbox 500 2541 685 2590; x_wconf 80' lang='lat' dir='ltr'>humanitatem</span> <span class='ocrx_word' id='word_1_228' title='bbox 697 2540 760 2589; x_wconf 88' lang='lat' dir='ltr'>mihi</span> <span class='ocrx_word' id='word_1_229' title='bbox 771 2547 894 2603; x_wconf 84' lang='lat' dir='ltr'>praestes,</span> <span class='ocrx_word' id='word_1_230' title='bbox 912 2556 965 2589; x_wconf 92' lang='lat' dir='ltr'>non</span> <span class='ocrx_word' id='word_1_231' title='bbox 977 2542 1060 2590; x_wconf 90' lang='lat' dir='ltr'>minus</span> <span class='ocrx_word' id='word_1_232' title='bbox 1071 2540 1228 2592; x_wconf 81' lang='lat' dir='ltr'>familiariter</span> <span class='ocrx_word' id='word_1_233' title='bbox 1239 2557 1315 2605; x_wconf 86' lang='lat' dir='ltr'>quam</span> <span class='ocrx_word' id='word_1_234' title='bbox 1354 2598 1357 2603; x_wconf 52' lang='lat'>,</span> 
     </span>
     <span class='ocr_line' id='line_1_25' title="bbox 198 2608 1316 2672; baseline 0 -13"><span class='ocrx_word' id='word_1_235' title='bbox 198 2618 273 2660; x_wconf 90' lang='lat' dir='ltr'>antes</span> <span class='ocrx_word' id='word_1_236' title='bbox 285 2618 310 2659; x_wconf 92' lang='lat' dir='ltr'>te</span> <span class='ocrx_word' id='word_1_237' title='bbox 323 2625 339 2658; x_wconf 91' lang='lat' dir='ltr'>a</span> <span class='ocrx_word' id='word_1_238' title='bbox 353 2625 395 2658; x_wconf 89' lang='lat' dir='ltr'>me</span> <span class='ocrx_word' id='word_1_239' title='bbox 407 2610 458 2659; x_wconf 90' lang='lat' dir='ltr'>coli</span> <span class='ocrx_word' id='word_1_240' title='bbox 469 2625 516 2672; x_wconf 88' lang='lat' dir='ltr'>par</span> <span class='ocrx_word' id='word_1_241' title='bbox 527 2616 572 2670; x_wconf 88' lang='lat' dir='ltr'>est,</span> <span class='ocrx_word' id='word_1_242' title='bbox 586 2608 673 2658; x_wconf 86' lang='lat' dir='ltr'>ceteris</span> <span class='ocrx_word' id='word_1_243' title='bbox 685 2609 841 2668; x_wconf 90' lang='lat' dir='ltr'>hominibus,</span> <span class='ocrx_word' id='word_1_244' title='bbox 853 2609 944 2671; x_wconf 89' lang='lat' dir='ltr'>quibus</span> <span class='ocrx_word' id='word_1_245' title='bbox 957 2610 1043 2672; x_wconf 87' lang='lat' dir='ltr'>aliqua</span> <span class='ocrx_word' id='word_1_246' title='bbox 1060 2617 1145 2660; x_wconf 90' lang='lat' dir='ltr'>tecum</span> <span class='ocrx_word' id='word_1_247' title='bbox 1156 2611 1316 2661; x_wconf 81' lang='lat' dir='ltr'>necessitudo</span> 
     </span>
     <span class='ocr_line' id='line_1_26' title="bbox 198 2677 1317 2740; baseline 0.003 -13"><span class='ocrx_word' id='word_1_248' title='bbox 198 2679 338 2739; x_wconf 85' lang='lat' dir='ltr'>intercedit,</span> <span class='ocrx_word' id='word_1_249' title='bbox 355 2679 412 2727; x_wconf 92' lang='lat' dir='ltr'>sola</span> <span class='ocrx_word' id='word_1_250' title='bbox 428 2679 590 2727; x_wconf 89' lang='lat' dir='ltr'>veneratione</span> <span class='ocrx_word' id='word_1_251' title='bbox 607 2677 743 2727; x_wconf 83' lang='lat' dir='ltr'>utentibus.</span> <span class='ocrx_word' id='word_1_252' title='bbox 761 2678 816 2726; x_wconf 86' lang='lat' dir='ltr'>Iam</span> <span class='ocrx_word' id='word_1_253' title='bbox 830 2677 851 2725; x_wconf 92' lang='lat' dir='ltr'>si</span> <span class='ocrx_word' id='word_1_254' title='bbox 863 2678 998 2739; x_wconf 88' lang='lat' dir='ltr'>quaeritur,</span> <span class='ocrx_word' id='word_1_255' title='bbox 1016 2678 1137 2740; x_wconf 87' lang='lat' dir='ltr'>quidnam</span> <span class='ocrx_word' id='word_1_256' title='bbox 1153 2679 1213 2729; x_wconf 91' lang='lat' dir='ltr'>illos</span> <span class='ocrx_word' id='word_1_257' title='bbox 1230 2681 1263 2729; x_wconf 92' lang='lat' dir='ltr'>ad</span> <span class='ocrx_word' id='word_1_258' title='bbox 1279 2679 1317 2729; x_wconf 85' lang='lat' dir='ltr'>tui</span> 
     </span>
     <span class='ocr_line' id='line_1_27' title="bbox 197 2745 1317 2810; baseline 0.001 -14"><span class='ocrx_word' id='word_1_259' title='bbox 197 2748 399 2808; x_wconf 85' lang='lat' dir='ltr'>venerationem,</span> <span class='ocrx_word' id='word_1_260' title='bbox 421 2757 462 2796; x_wconf 87' lang='lat' dir='ltr'>tna</span> <span class='ocrx_word' id='word_1_261' title='bbox 479 2748 511 2796; x_wconf 89' lang='lat' dir='ltr'>ad</span> <span class='ocrx_word' id='word_1_262' title='bbox 529 2747 626 2796; x_wconf 90' lang='lat' dir='ltr'>cultum</span> <span class='ocrx_word' id='word_1_263' title='bbox 643 2745 793 2795; x_wconf 87' lang='lat' dir='ltr'>familiarem</span> <span class='ocrx_word' id='word_1_264' title='bbox 810 2752 963 2808; x_wconf 81' lang='lat' dir='ltr'>permoveat,</span> <span class='ocrx_word' id='word_1_265' title='bbox 981 2753 1086 2809; x_wconf 87' lang='lat' dir='ltr'>apparet</span> <span class='ocrx_word' id='word_1_266' title='bbox 1102 2747 1175 2796; x_wconf 88' lang='lat' dir='ltr'>illam</span> <span class='ocrx_word' id='word_1_267' title='bbox 1191 2747 1317 2810; x_wconf 83' lang='lat' dir='ltr'>procreati</span> 
     </span>
     <span class='ocr_line' id='line_1_28' title="bbox 198 2813 1317 2879; baseline -0.002 -14"><span class='ocrx_word' id='word_1_268' title='bbox 198 2818 311 2879; x_wconf 86' lang='lat' dir='ltr'>pondere</span> <span class='ocrx_word' id='word_1_269' title='bbox 328 2824 353 2866; x_wconf 90' lang='lat' dir='ltr'>et</span> <span class='ocrx_word' id='word_1_270' title='bbox 369 2816 519 2865; x_wconf 89' lang='lat' dir='ltr'>auctoritate</span> <span class='ocrx_word' id='word_1_271' title='bbox 536 2816 638 2864; x_wconf 88' lang='lat' dir='ltr'>illarum</span> <span class='ocrx_word' id='word_1_272' title='bbox 651 2815 742 2877; x_wconf 89' lang='lat' dir='ltr'>quibus</span> <span class='ocrx_word' id='word_1_273' title='bbox 757 2813 869 2876; x_wconf 85' lang='lat' dir='ltr'>fungeris</span> <span class='ocrx_word' id='word_1_274' title='bbox 882 2813 1041 2879; x_wconf 84' lang='lat' dir='ltr'>dignitatum,</span> <span class='ocrx_word' id='word_1_275' title='bbox 1058 2814 1128 2863; x_wconf 88' lang='lat' dir='ltr'>hnnc</span> <span class='ocrx_word' id='word_1_276' title='bbox 1139 2831 1192 2865; x_wconf 88' lang='lat' dir='ltr'>una</span> <span class='ocrx_word' id='word_1_277' title='bbox 1201 2815 1248 2864; x_wconf 90' lang='lat' dir='ltr'>niti</span> <span class='ocrx_word' id='word_1_278' title='bbox 1259 2829 1317 2864; x_wconf 89' lang='lat' dir='ltr'>mea</span> 
     </span>
     <span class='ocr_line' id='line_1_29' title="bbox 201 2882 1355 2946; baseline -0.003 -13"><span class='ocrx_word' id='word_1_279' title='bbox 201 2885 314 2945; x_wconf 86' lang='lat' dir='ltr'>audacia,</span> <span class='ocrx_word' id='word_1_280' title='bbox 327 2898 380 2932; x_wconf 91' lang='lat' dir='ltr'>non</span> <span class='ocrx_word' id='word_1_281' title='bbox 392 2885 465 2932; x_wconf 86' lang='lat' dir='ltr'>aliter</span> <span class='ocrx_word' id='word_1_282' title='bbox 476 2885 587 2932; x_wconf 88' lang='lat' dir='ltr'>exerceri</span> <span class='ocrx_word' id='word_1_283' title='bbox 599 2898 681 2946; x_wconf 89' lang='lat' dir='ltr'>posse,</span> <span class='ocrx_word' id='word_1_284' title='bbox 688 2883 737 2932; x_wconf 89' lang='lat' dir='ltr'>nisi</span> <span class='ocrx_word' id='word_1_285' title='bbox 749 2883 855 2931; x_wconf 86' lang='lat' dir='ltr'>audacia</span> <span class='ocrx_word' id='word_1_286' title='bbox 866 2895 911 2944; x_wconf 89' lang='lat' dir='ltr'>per</span> <span class='ocrx_word' id='word_1_287' title='bbox 921 2895 948 2930; x_wconf 90' lang='lat' dir='ltr'>se</span> <span class='ocrx_word' id='word_1_288' title='bbox 959 2882 1127 2944; x_wconf 80' lang='lat' dir='ltr'>vituperabili,</span> <span class='ocrx_word' id='word_1_289' title='bbox 1137 2882 1208 2933; x_wconf 87' lang='lat' dir='ltr'>cuius</span> <span class='ocrx_word' id='word_1_290' title='bbox 1218 2897 1276 2931; x_wconf 89' lang='lat' dir='ltr'>cum</span> <span class='ocrx_word' id='word_1_291' title='bbox 1287 2889 1317 2930; x_wconf 87' lang='lat' dir='ltr'>tu</span> <span class='ocrx_word' id='word_1_292' title='bbox 1349 2899 1355 2904; x_wconf 93' lang='lat'>·</span> 
     </span>
     <span class='ocr_line' id='line_1_30' title="bbox 198 2949 1316 3015; baseline -0.002 -15"><span class='ocrx_word' id='word_1_293' title='bbox 198 2952 253 3015; x_wconf 89' lang='lat' dir='ltr'>ipse</span> <span class='ocrx_word' id='word_1_294' title='bbox 270 2959 359 3001; x_wconf 86' lang='lat' dir='ltr'>auctor</span> <span class='ocrx_word' id='word_1_295' title='bbox 370 2951 412 3010; x_wconf 89' lang='lat' dir='ltr'>sis,</span> <span class='ocrx_word' id='word_1_296' title='bbox 428 2966 482 2998; x_wconf 93' lang='lat' dir='ltr'>non</span> <span class='ocrx_word' id='word_1_297' title='bbox 493 2950 564 3011; x_wconf 91' lang='lat' dir='ltr'>mihi,</span> <span class='ocrx_word' id='word_1_298' title='bbox 578 2952 621 2999; x_wconf 90' lang='lat' dir='ltr'>sed</span> <span class='ocrx_word' id='word_1_299' title='bbox 638 2951 687 2999; x_wconf 90' lang='lat' dir='ltr'>soli</span> <span class='ocrx_word' id='word_1_300' title='bbox 699 2951 745 2999; x_wconf 89' lang='lat' dir='ltr'>tibi</span> <span class='ocrx_word' id='word_1_301' title='bbox 757 2951 865 3013; x_wconf 84' lang='lat' dir='ltr'>culpam</span> <span class='ocrx_word' id='word_1_302' title='bbox 870 2950 1015 3012; x_wconf 82' lang='lat' dir='ltr'>imputabis.</span> <span class='ocrx_word' id='word_1_303' title='bbox 1038 2950 1086 2999; x_wconf 87' lang='lat' dir='ltr'>His</span> <span class='ocrx_word' id='word_1_304' title='bbox 1098 2958 1183 3000; x_wconf 88' lang='lat' dir='ltr'>antem</span> <span class='ocrx_word' id='word_1_305' title='bbox 1192 2949 1316 3014; x_wconf 84' lang='lat' dir='ltr'>expositis</span> 
     </span>
     <span class='ocr_line' id='line_1_31' title="bbox 199 3017 1317 3081; baseline -0.003 -12"><span class='ocrx_word' id='word_1_306' title='bbox 199 3020 280 3069; x_wconf 88' lang='lat' dir='ltr'>altera</span> <span class='ocrx_word' id='word_1_307' title='bbox 295 3020 373 3067; x_wconf 87' lang='lat' dir='ltr'>etism</span> <span class='ocrx_word' id='word_1_308' title='bbox 390 3017 526 3067; x_wconf 87' lang='lat' dir='ltr'>difficultas</span> <span class='ocrx_word' id='word_1_309' title='bbox 543 3019 659 3076; x_wconf 82' lang='lat' dir='ltr'>occrrrrit,</span> <span class='ocrx_word' id='word_1_310' title='bbox 678 3032 755 3078; x_wconf 87' lang='lat' dir='ltr'>qnam</span> <span class='ocrx_word' id='word_1_311' title='bbox 770 3021 875 3067; x_wconf 89' lang='lat' dir='ltr'>verbum</span> <span class='ocrx_word' id='word_1_312' title='bbox 892 3025 1008 3080; x_wconf 81' lang='lat' dir='ltr'>superest</span> <span class='ocrx_word' id='word_1_313' title='bbox 1024 3018 1099 3068; x_wconf 91' lang='lat' dir='ltr'>nobis</span> <span class='ocrx_word' id='word_1_314' title='bbox 1116 3026 1191 3081; x_wconf 88' lang='lat' dir='ltr'>creat,</span> <span class='ocrx_word' id='word_1_315' title='bbox 1209 3018 1317 3081; x_wconf 91' lang='lat' dir='ltr'>quodsi</span> 
     </span>
     <span class='ocr_line' id='line_1_32' title="bbox 199 3081 1318 3150; baseline -0.001 -15"><span class='ocrx_word' id='word_1_316' title='bbox 199 3101 246 3150; x_wconf 90' lang='lat' dir='ltr'>pro</span> <span class='ocrx_word' id='word_1_317' title='bbox 260 3093 349 3146; x_wconf 85' lang='lat' dir='ltr'>restet,</span> <span class='ocrx_word' id='word_1_318' title='bbox 363 3081 465 3146; x_wconf 83' lang='lat' dir='ltr'>reliqua</span> <span class='ocrx_word' id='word_1_319' title='bbox 477 3092 516 3132; x_wconf 87' lang='lat' dir='ltr'>est</span> <span class='ocrx_word' id='word_1_320' title='bbox 528 3085 623 3134; x_wconf 89' lang='lat' dir='ltr'>dictum</span> <span class='ocrx_word' id='word_1_321' title='bbox 635 3099 690 3133; x_wconf 89' lang='lat' dir='ltr'>esse</span> <span class='ocrx_word' id='word_1_322' title='bbox 701 3092 782 3147; x_wconf 86' lang='lat' dir='ltr'>putes,</span> <span class='ocrx_word' id='word_1_323' title='bbox 795 3086 915 3150; x_wconf 84' lang='lat' dir='ltr'>spodosis</span> <span class='ocrx_word' id='word_1_324' title='bbox 927 3085 1023 3148; x_wconf 87' lang='lat' dir='ltr'>protasi</span> <span class='ocrx_word' id='word_1_325' title='bbox 1034 3100 1088 3135; x_wconf 93' lang='lat' dir='ltr'>non</span> <span class='ocrx_word' id='word_1_326' title='bbox 1105 3087 1231 3137; x_wconf 88' lang='lat' dir='ltr'>convenit.</span> <span class='ocrx_word' id='word_1_327' title='bbox 1254 3087 1318 3136; x_wconf 88' lang='lat' dir='ltr'>Inde</span> 
     </span>
     <span class='ocr_line' id='line_1_33' title="bbox 187 3152 1317 3218; baseline 0.002 -19"><span class='ocrx_word' id='word_1_328' title='bbox 187 3155 276 3215; x_wconf 82' lang='lat' dir='ltr'>enim,</span> <span class='ocrx_word' id='word_1_329' title='bbox 287 3156 356 3216; x_wconf 91' lang='lat' dir='ltr'>quod</span> <span class='ocrx_word' id='word_1_330' title='bbox 365 3152 416 3202; x_wconf 90' lang='lat' dir='ltr'>iliis</span> <span class='ocrx_word' id='word_1_331' title='bbox 427 3153 515 3201; x_wconf 87' lang='lat' dir='ltr'>ceteris</span> <span class='ocrx_word' id='word_1_332' title='bbox 524 3166 613 3202; x_wconf 90' lang='lat' dir='ltr'>ornnes</span> <span class='ocrx_word' id='word_1_333' title='bbox 622 3153 674 3202; x_wconf 82' lang='lat' dir='ltr'>&#39;liti</span> <span class='ocrx_word' id='word_1_334' title='bbox 684 3152 818 3214; x_wconf 85' lang='lat' dir='ltr'>dignitates</span> <span class='ocrx_word' id='word_1_335' title='bbox 827 3155 859 3202; x_wconf 86' lang='lat' dir='ltr'>ud</span> <span class='ocrx_word' id='word_1_336' title='bbox 867 3154 1056 3203; x_wconf 89' lang='lat' dir='ltr'>venerationem</span> <span class='ocrx_word' id='word_1_337' title='bbox 1065 3161 1160 3218; x_wconf 86' lang='lat' dir='ltr'>patent,</span> <span class='ocrx_word' id='word_1_338' title='bbox 1172 3169 1226 3204; x_wconf 92' lang='lat' dir='ltr'>non</span> <span class='ocrx_word' id='word_1_339' title='bbox 1234 3154 1317 3217; x_wconf 88' lang='lat' dir='ltr'>sequi-</span> 
     </span>
     <span class='ocr_line' id='line_1_34' title="bbox 199 3220 1318 3285; baseline 0 -15"><span class='ocrx_word' id='word_1_340' title='bbox 199 3228 241 3270; x_wconf 87' lang='lat' dir='ltr'>tur</span> <span class='ocrx_word' id='word_1_341' title='bbox 257 3222 343 3270; x_wconf 91' lang='lat' dir='ltr'>Plinio</span> <span class='ocrx_word' id='word_1_342' title='bbox 361 3221 444 3270; x_wconf 92' lang='lat' dir='ltr'>solam</span> <span class='ocrx_word' id='word_1_343' title='bbox 460 3221 592 3270; x_wconf 88' lang='lat' dir='ltr'>audaciam</span> <span class='ocrx_word' id='word_1_344' title='bbox 608 3221 725 3282; x_wconf 88' lang='lat' dir='ltr'>relinqui.</span> <span class='ocrx_word' id='word_1_345' title='bbox 748 3220 839 3270; x_wconf 88' lang='lat' dir='ltr'>Potius</span> <span class='ocrx_word' id='word_1_346' title='bbox 856 3236 913 3269; x_wconf 90' lang='lat' dir='ltr'>cum</span> <span class='ocrx_word' id='word_1_347' title='bbox 925 3236 1001 3284; x_wconf 91' lang='lat' dir='ltr'>supra</span> <span class='ocrx_word' id='word_1_348' title='bbox 1018 3237 1048 3271; x_wconf 91' lang='lat' dir='ltr'>oa</span> <span class='ocrx_word' id='word_1_349' title='bbox 1065 3234 1130 3284; x_wconf 86' lang='lat' dir='ltr'>quae</span> <span class='ocrx_word' id='word_1_350' title='bbox 1142 3222 1201 3272; x_wconf 74' lang='lat' dir='ltr'>Tito</span> <span class='ocrx_word' id='word_1_351' title='bbox 1214 3222 1318 3285; x_wconf 84' lang='lat' dir='ltr'>propria</span> 
     </span>
     <span class='ocr_line' id='line_1_35' title="bbox 199 3289 1318 3352; baseline 0 -15"><span class='ocrx_word' id='word_1_352' title='bbox 199 3296 284 3339; x_wconf 87' lang='lat' dir='ltr'>essent</span> <span class='ocrx_word' id='word_1_353' title='bbox 295 3289 345 3338; x_wconf 91' lang='lat' dir='ltr'>illis</span> <span class='ocrx_word' id='word_1_354' title='bbox 358 3289 446 3339; x_wconf 90' lang='lat' dir='ltr'>ceteris</span> <span class='ocrx_word' id='word_1_355' title='bbox 457 3289 525 3337; x_wconf 90' lang='lat' dir='ltr'>viam</span> <span class='ocrx_word' id='word_1_356' title='bbox 537 3291 569 3338; x_wconf 89' lang='lat' dir='ltr'>ad</span> <span class='ocrx_word' id='word_1_357' title='bbox 579 3289 768 3338; x_wconf 89' lang='lat' dir='ltr'>venerationem</span> <span class='ocrx_word' id='word_1_358' title='bbox 785 3289 921 3338; x_wconf 85' lang='lat' dir='ltr'>munivisse</span> <span class='ocrx_word' id='word_1_359' title='bbox 932 3290 1032 3339; x_wconf 90' lang='lat' dir='ltr'>Plinius</span> <span class='ocrx_word' id='word_1_360' title='bbox 1043 3290 1142 3352; x_wconf 84' lang='lat' dir='ltr'>dixerit,</span> <span class='ocrx_word' id='word_1_361' title='bbox 1159 3289 1202 3338; x_wconf 89' lang='lat' dir='ltr'>hie</span> <span class='ocrx_word' id='word_1_362' title='bbox 1214 3302 1318 3350; x_wconf 89' lang='lat' dir='ltr'>qnoque</span> 
     </span>
     <span class='ocr_line' id='line_1_36' title="bbox 200 3355 1317 3423; baseline -0.001 -17"><span class='ocrx_word' id='word_1_363' title='bbox 200 3357 286 3419; x_wconf 88' lang='lat' dir='ltr'>aliqua</span> <span class='ocrx_word' id='word_1_364' title='bbox 303 3357 355 3406; x_wconf 81' lang='lat' dir='ltr'>Titi</span> <span class='ocrx_word' id='word_1_365' title='bbox 372 3356 451 3406; x_wconf 89' lang='lat' dir='ltr'>virtus</span> <span class='ocrx_word' id='word_1_366' title='bbox 468 3359 691 3406; x_wconf 87' lang='lat' dir='ltr'>commemoranda</span> <span class='ocrx_word' id='word_1_367' title='bbox 708 3364 773 3418; x_wconf 88' lang='lat' dir='ltr'>erat,</span> <span class='ocrx_word' id='word_1_368' title='bbox 792 3371 857 3423; x_wconf 83' lang='lat' dir='ltr'>quae</span> <span class='ocrx_word' id='word_1_369' title='bbox 873 3357 987 3406; x_wconf 92' lang='lat' dir='ltr'>Plinium</span> <span class='ocrx_word' id='word_1_370' title='bbox 1003 3360 1036 3406; x_wconf 92' lang='lat' dir='ltr'>ad</span> <span class='ocrx_word' id='word_1_371' title='bbox 1053 3357 1149 3407; x_wconf 84' lang='lat' dir='ltr'>editum</span> <span class='ocrx_word' id='word_1_372' title='bbox 1165 3355 1317 3406; x_wconf 85' lang='lat' dir='ltr'>familiarem</span> 
     </span>
     <span class='ocr_line' id='line_1_37' title="bbox 199 3423 1317 3489; baseline 0.001 -17"><span class='ocrx_word' id='word_1_373' title='bbox 199 3426 322 3485; x_wconf 83' lang='lat' dir='ltr'>incitaret,</span> <span class='ocrx_word' id='word_1_374' title='bbox 336 3425 417 3488; x_wconf 87' lang='lat' dir='ltr'>qualis</span> <span class='ocrx_word' id='word_1_375' title='bbox 430 3432 483 3474; x_wconf 89' lang='lat' dir='ltr'>erat</span> <span class='ocrx_word' id='word_1_376' title='bbox 495 3426 648 3474; x_wconf 88' lang='lat' dir='ltr'>hnmanitas.</span> <span class='ocrx_word' id='word_1_377' title='bbox 669 3423 740 3474; x_wconf 80' lang='lat' dir='ltr'>Tum</span> <span class='ocrx_word' id='word_1_378' title='bbox 751 3433 837 3474; x_wconf 91' lang='lat' dir='ltr'>autem</span> <span class='ocrx_word' id='word_1_379' title='bbox 847 3425 933 3475; x_wconf 90' lang='lat' dir='ltr'>Plinio</span> <span class='ocrx_word' id='word_1_380' title='bbox 946 3426 1075 3475; x_wconf 89' lang='lat' dir='ltr'>sententia·</span> <span class='ocrx_word' id='word_1_381' title='bbox 1080 3424 1213 3489; x_wconf 86' lang='lat' dir='ltr'>paululum</span> <span class='ocrx_word' id='word_1_382' title='bbox 1224 3424 1317 3474; x_wconf 85' lang='lat' dir='ltr'>immn-</span> 
     </span>
     <span class='ocr_line' id='line_1_38' title="bbox 199 3492 1317 3556; baseline 0 -14"><span class='ocrx_word' id='word_1_383' title='bbox 199 3495 276 3542; x_wconf 86' lang='lat' dir='ltr'>tanda</span> <span class='ocrx_word' id='word_1_384' title='bbox 288 3501 313 3543; x_wconf 91' lang='lat' dir='ltr'>et</span> <span class='ocrx_word' id='word_1_385' title='bbox 330 3495 365 3542; x_wconf 89' lang='lat' dir='ltr'>ita</span> <span class='ocrx_word' id='word_1_386' title='bbox 381 3492 434 3542; x_wconf 89' lang='lat' dir='ltr'>fere</span> <span class='ocrx_word' id='word_1_387' title='bbox 446 3494 605 3543; x_wconf 91' lang='lat' dir='ltr'>scribendum</span> <span class='ocrx_word' id='word_1_388' title='bbox 617 3501 682 3543; x_wconf 88' lang='lat' dir='ltr'>erat:</span> <span class='ocrx_word' id='word_1_389' title='bbox 699 3494 786 3556; x_wconf 86' lang='lat' dir='ltr'>itaque</span> <span class='ocrx_word' id='word_1_390' title='bbox 797 3494 861 3542; x_wconf 84' lang='lat' dir='ltr'>haee</span> <span class='ocrx_word' id='word_1_391' title='bbox 879 3500 923 3542; x_wconf 91' lang='lat' dir='ltr'>tua</span> <span class='ocrx_word' id='word_1_392' title='bbox 934 3493 1079 3543; x_wconf 90' lang='lat' dir='ltr'>humanitas</span> <span class='ocrx_word' id='word_1_393' title='bbox 1096 3495 1128 3543; x_wconf 85' lang='lat' dir='ltr'>sd</span> <span class='ocrx_word' id='word_1_394' title='bbox 1140 3500 1165 3543; x_wconf 88' lang='lat' dir='ltr'>te</span> <span class='ocrx_word' id='word_1_395' title='bbox 1182 3492 1317 3543; x_wconf 88' lang='lat' dir='ltr'>colendum</span> 
     </span>
     <span class='ocr_line' id='line_1_39' title="bbox 199 3558 1317 3625; baseline 0 -15"><span class='ocrx_word' id='word_1_396' title='bbox 199 3562 330 3610; x_wconf 86' lang='lat' dir='ltr'>audaciam</span> <span class='ocrx_word' id='word_1_397' title='bbox 342 3562 407 3610; x_wconf 91' lang='lat' dir='ltr'>mihi</span> <span class='ocrx_word' id='word_1_398' title='bbox 419 3562 513 3610; x_wconf 90' lang='lat' dir='ltr'>tn&#39;buit.</span> <span class='ocrx_word' id='word_1_399' title='bbox 526 3562 597 3610; x_wconf 86' lang='lat' dir='ltr'>Haec</span> <span class='ocrx_word' id='word_1_400' title='bbox 607 3576 665 3611; x_wconf 89' lang='lat' dir='ltr'>cum</span> <span class='ocrx_word' id='word_1_401' title='bbox 676 3563 713 3611; x_wconf 89' lang='lat' dir='ltr'>ita</span> <span class='ocrx_word' id='word_1_402' title='bbox 724 3562 782 3622; x_wconf 88' lang='lat' dir='ltr'>sint,</span> <span class='ocrx_word' id='word_1_403' title='bbox 795 3568 918 3624; x_wconf 85' lang='lat' dir='ltr'>superest,</span> <span class='ocrx_word' id='word_1_404' title='bbox 931 3562 1002 3610; x_wconf 89' lang='lat' dir='ltr'>cuius</span> <span class='ocrx_word' id='word_1_405' title='bbox 1013 3561 1073 3609; x_wconf 90' lang='lat' dir='ltr'>loco</span> <span class='ocrx_word' id='word_1_406' title='bbox 1087 3558 1234 3625; x_wconf 86' lang='lat' dir='ltr'>simpliciter</span> <span class='ocrx_word' id='word_1_407' title='bbox 1244 3568 1317 3625; x_wconf 86' lang='lat' dir='ltr'>pote-</span> 
     </span>
     <span class='ocr_line' id='line_1_40' title="bbox 198 3626 1318 3693; baseline -0.003 -14"><span class='ocrx_word' id='word_1_408' title='bbox 198 3637 238 3679; x_wconf 86' lang='lat' dir='ltr'>rat</span> <span class='ocrx_word' id='word_1_409' title='bbox 249 3631 332 3679; x_wconf 90' lang='lat' dir='ltr'>dicere</span> <span class='ocrx_word' id='word_1_410' title='bbox 343 3638 389 3690; x_wconf 82' lang='lat' dir='ltr'>est,</span> <span class='ocrx_word' id='word_1_411' title='bbox 408 3645 424 3678; x_wconf 89' lang='lat' dir='ltr'>a</span> <span class='ocrx_word' id='word_1_412' title='bbox 435 3630 520 3679; x_wconf 90' lang='lat' dir='ltr'>Plinio</span> <span class='ocrx_word' id='word_1_413' title='bbox 538 3636 642 3692; x_wconf 91' lang='lat' dir='ltr'>propter</span> <span class='ocrx_word' id='word_1_414' title='bbox 658 3630 810 3679; x_wconf 87' lang='lat' dir='ltr'>adiectivum</span> <span class='ocrx_word' id='word_1_415' title='bbox 822 3626 880 3678; x_wconf 83' lang='lat' dir='ltr'>sole</span> <span class='ocrx_word' id='word_1_416' title='bbox 897 3636 935 3678; x_wconf 88' lang='lat' dir='ltr'>est</span> <span class='ocrx_word' id='word_1_417' title='bbox 945 3629 1059 3692; x_wconf 91' lang='lat' dir='ltr'>positum</span> <span class='ocrx_word' id='word_1_418' title='bbox 1076 3644 1135 3678; x_wconf 90' lang='lat' dir='ltr'>cum</span> <span class='ocrx_word' id='word_1_419' title='bbox 1146 3629 1172 3678; x_wconf 94' lang='lat' dir='ltr'>vi</span> <span class='ocrx_word' id='word_1_420' title='bbox 1189 3630 1276 3693; x_wconf 86' lang='lat' dir='ltr'>aliqua</span> <span class='ocrx_word' id='word_1_421' title='bbox 1292 3635 1318 3677; x_wconf 88' lang='lat' dir='ltr'>et</span> 
     </span>
     <span class='ocr_line' id='line_1_41' title="bbox 197 3693 1317 3760; baseline -0.003 -13"><span class='ocrx_word' id='word_1_422' title='bbox 197 3699 371 3760; x_wconf 83' lang='lat' dir='ltr'>praegnantis,</span> <span class='ocrx_word' id='word_1_423' title='bbox 390 3696 462 3760; x_wconf 78' lang='lat' dir='ltr'>quasi</span> <span class='ocrx_word' id='word_1_424' title='bbox 479 3697 579 3746; x_wconf 90' lang='lat' dir='ltr'>Plinius</span> <span class='ocrx_word' id='word_1_425' title='bbox 597 3698 664 3746; x_wconf 88' lang='lat' dir='ltr'>dicat</span> <span class='ocrx_word' id='word_1_426' title='bbox 681 3698 727 3747; x_wconf 89' lang='lat' dir='ltr'>sibi</span> <span class='ocrx_word' id='word_1_427' title='bbox 745 3698 777 3746; x_wconf 86' lang='lat' dir='ltr'>sd</span> <span class='ocrx_word' id='word_1_428' title='bbox 794 3697 877 3745; x_wconf 89' lang='lat' dir='ltr'>solam</span> <span class='ocrx_word' id='word_1_429' title='bbox 894 3697 1027 3746; x_wconf 86' lang='lat' dir='ltr'>audaciam</span> <span class='ocrx_word' id='word_1_430' title='bbox 1039 3693 1238 3760; x_wconf 86' lang='lat' dir='ltr'>confugiendum</span> <span class='ocrx_word' id='word_1_431' title='bbox 1253 3709 1317 3756; x_wconf 85' lang='lat' dir='ltr'>esse,</span> 
     </span>
     <span class='ocr_line' id='line_1_42' title="bbox 198 3763 1319 3828; baseline -0.002 -14"><span class='ocrx_word' id='word_1_432' title='bbox 198 3767 328 3815; x_wconf 85' lang='lat' dir='ltr'>andaciam</span> <span class='ocrx_word' id='word_1_433' title='bbox 342 3780 422 3814; x_wconf 89' lang='lat' dir='ltr'>unum</span> <span class='ocrx_word' id='word_1_434' title='bbox 434 3778 488 3815; x_wconf 90' lang='lat' dir='ltr'>esse</span> <span class='ocrx_word' id='word_1_435' title='bbox 505 3765 552 3813; x_wconf 91' lang='lat' dir='ltr'>sibi</span> <span class='ocrx_word' id='word_1_436' title='bbox 563 3763 698 3826; x_wconf 82' lang='lat' dir='ltr'>refugium.</span> <span class='ocrx_word' id='word_1_437' title='bbox 715 3765 766 3814; x_wconf 85' lang='lat' dir='ltr'>Per</span> <span class='ocrx_word' id='word_1_438' title='bbox 781 3765 886 3814; x_wconf 88' lang='lat' dir='ltr'>verbum</span> <span class='ocrx_word' id='word_1_439' title='bbox 898 3772 1022 3827; x_wconf 84' lang='lat' dir='ltr'>superest,</span> <span class='ocrx_word' id='word_1_440' title='bbox 1039 3765 1067 3814; x_wconf 89' lang='lat' dir='ltr'>in</span> <span class='ocrx_word' id='word_1_441' title='bbox 1079 3779 1130 3827; x_wconf 92' lang='lat' dir='ltr'>quo</span> <span class='ocrx_word' id='word_1_442' title='bbox 1142 3766 1216 3815; x_wconf 91' lang='lat' dir='ltr'>notio</span> <span class='ocrx_word' id='word_1_443' title='bbox 1226 3763 1319 3828; x_wconf 87' lang='lat' dir='ltr'>reliqui</span> 
     </span>
     <span class='ocr_line' id='line_1_43' title="bbox 198 3832 1318 3896; baseline -0.002 -14"><span class='ocrx_word' id='word_1_444' title='bbox 198 3835 317 3896; x_wconf 86' lang='lat' dir='ltr'>primaria</span> <span class='ocrx_word' id='word_1_445' title='bbox 334 3841 379 3895; x_wconf 87' lang='lat' dir='ltr'>est,</span> <span class='ocrx_word' id='word_1_446' title='bbox 397 3833 542 3895; x_wconf 86' lang='lat' dir='ltr'>angustiam</span> <span class='ocrx_word' id='word_1_447' title='bbox 554 3847 626 3881; x_wconf 87' lang='lat' dir='ltr'>suam</span> <span class='ocrx_word' id='word_1_448' title='bbox 639 3833 784 3896; x_wconf 87' lang='lat' dir='ltr'>oppositam</span> <span class='ocrx_word' id='word_1_449' title='bbox 800 3832 872 3882; x_wconf 87' lang='lat' dir='ltr'>iilam</span> <span class='ocrx_word' id='word_1_450' title='bbox 889 3833 976 3882; x_wconf 87' lang='lat' dir='ltr'>multis</span> <span class='ocrx_word' id='word_1_451' title='bbox 988 3832 1035 3881; x_wconf 87' lang='lat' dir='ltr'>viis</span> <span class='ocrx_word' id='word_1_452' title='bbox 1048 3847 1113 3895; x_wconf 85' lang='lat' dir='ltr'>quac</span> <span class='ocrx_word' id='word_1_453' title='bbox 1130 3833 1219 3883; x_wconf 78' lang='lat' dir='ltr'>catena</span> <span class='ocrx_word' id='word_1_454' title='bbox 1230 3839 1318 3896; x_wconf 84' lang='lat' dir='ltr'>patent</span> 
     </span>
     <span class='ocr_line' id='line_1_44' title="bbox 194 3897 1330 3964; baseline -0.004 -15"><span class='ocrx_word' id='word_1_455' title='bbox 194 3901 331 3963; x_wconf 87' lang='lat' dir='ltr'>significat,</span> <span class='ocrx_word' id='word_1_456' title='bbox 343 3903 370 3949; x_wconf 91' lang='lat' dir='ltr'>in</span> <span class='ocrx_word' id='word_1_457' title='bbox 383 3915 460 3963; x_wconf 89' lang='lat' dir='ltr'>quam</span> <span class='ocrx_word' id='word_1_458' title='bbox 472 3915 530 3949; x_wconf 90' lang='lat' dir='ltr'>eum</span> <span class='ocrx_word' id='word_1_459' title='bbox 542 3915 589 3949; x_wconf 87' lang='lat' dir='ltr'>sna</span> <span class='ocrx_word' id='word_1_460' title='bbox 605 3901 711 3949; x_wconf 89' lang='lat' dir='ltr'>audacia</span> <span class='ocrx_word' id='word_1_461' title='bbox 722 3901 775 3950; x_wconf 82' lang='lat' dir='ltr'>Titi</span> <span class='ocrx_word' id='word_1_462' title='bbox 787 3899 936 3950; x_wconf 89' lang='lat' dir='ltr'>familiarius</span> <span class='ocrx_word' id='word_1_463' title='bbox 947 3900 1049 3949; x_wconf 87' lang='lat' dir='ltr'>colendi</span> <span class='ocrx_word' id='word_1_464' title='bbox 1061 3900 1205 3951; x_wconf 87' lang='lat' dir='ltr'>coniecerit.</span> <span class='ocrx_word' id='word_1_465' title='bbox 1223 3897 1330 3964; x_wconf 60' lang='lat' dir='ltr'>Super-t</span> 
     </span>
     <span class='ocr_line' id='line_1_45' title="bbox 199 3964 1317 4032; baseline 0.003 -19"><span class='ocrx_word' id='word_1_466' title='bbox 199 3981 254 4014; x_wconf 85' lang='lat' dir='ltr'>esse</span> <span class='ocrx_word' id='word_1_467' title='bbox 266 3969 344 4030; x_wconf 86' lang='lat' dir='ltr'>igitur</span> <span class='ocrx_word' id='word_1_468' title='bbox 355 3970 382 4017; x_wconf 92' lang='lat' dir='ltr'>h.</span> <span class='ocrx_word' id='word_1_469' title='bbox 395 3969 412 4017; x_wconf 94' lang='lat' dir='ltr'>l.</span> <span class='ocrx_word' id='word_1_470' title='bbox 426 3969 493 4018; x_wconf 89' lang='lat' dir='ltr'>idem</span> <span class='ocrx_word' id='word_1_471' title='bbox 511 3969 630 4030; x_wconf 88' lang='lat' dir='ltr'>estquod</span> <span class='ocrx_word' id='word_1_472' title='bbox 642 3976 742 4032; x_wconf 88' lang='lat' dir='ltr'>praesto</span> <span class='ocrx_word' id='word_1_473' title='bbox 755 3983 817 4031; x_wconf 86' lang='lat' dir='ltr'>esse,</span> <span class='ocrx_word' id='word_1_474' title='bbox 834 3971 923 4018; x_wconf 89' lang='lat' dir='ltr'>adesse</span> <span class='ocrx_word' id='word_1_475' title='bbox 935 3964 1025 4030; x_wconf 60' lang='lat' dir='ltr'>(vidi</span> <span class='ocrx_word' id='word_1_476' title='bbox 1039 3973 1080 4018; x_wconf 73' lang='lat'>26·</span> <span class='ocrx_word' id='word_1_477' title='bbox 1096 3974 1187 4030; x_wconf 84' lang='lat' dir='ltr'>12,1l.</span> <span class='ocrx_word' id='word_1_478' title='bbox 1201 3967 1317 4019; x_wconf 75' lang='lat' dir='ltr'>cucsnn</span> 
     </span>
     <span class='ocr_line' id='line_1_46' title="bbox 199 4032 1361 4104; baseline 0.003 -22"><span class='ocrx_word' id='word_1_479' title='bbox 199 4035 232 4082; x_wconf 91' lang='lat' dir='ltr'>ad</span> <span class='ocrx_word' id='word_1_480' title='bbox 243 4033 312 4084; x_wconf 81' lang='lat' dir='ltr'>Suet.</span> <span class='ocrx_word' id='word_1_481' title='bbox 327 4035 388 4086; x_wconf 86' lang='lat' dir='ltr'>Oth.</span> <span class='ocrx_word' id='word_1_482' title='bbox 402 4032 438 4098; x_wconf 74' lang='lat' dir='ltr'>o.)</span> <span class='ocrx_word' id='word_1_483' title='bbox 456 4036 528 4098; x_wconf 89' lang='lat' dir='ltr'>„Illis</span> <span class='ocrx_word' id='word_1_484' title='bbox 539 4037 636 4086; x_wconf 87' lang='lat' dir='ltr'>multae</span> <span class='ocrx_word' id='word_1_485' title='bbox 647 4037 703 4086; x_wconf 87' lang='lat' dir='ltr'>viae</span> <span class='ocrx_word' id='word_1_486' title='bbox 714 4043 815 4100; x_wconf 80' lang='lat' dir='ltr'>patent3</span> <span class='ocrx_word' id='word_1_487' title='bbox 827 4037 900 4098; x_wconf 89' lang='lat' dir='ltr'>mihi,</span> <span class='ocrx_word' id='word_1_488' title='bbox 911 4036 972 4085; x_wconf 87' lang='lat' dir='ltr'>licet</span> <span class='ocrx_word' id='word_1_489' title='bbox 982 4035 1093 4085; x_wconf 90' lang='lat' dir='ltr'>multum</span> <span class='ocrx_word' id='word_1_490' title='bbox 1105 4037 1199 4099; x_wconf 87' lang='lat' dir='ltr'>diuque</span> <span class='ocrx_word' id='word_1_491' title='bbox 1211 4036 1318 4087; x_wconf 85' lang='lat' dir='ltr'>circum·</span> <span class='ocrx_word' id='word_1_492' title='bbox 1355 4099 1361 4104; x_wconf 28' lang='lat'>¹</span> 
     </span>
     <span class='ocr_line' id='line_1_47' title="bbox 199 4103 1319 4167; baseline 0.004 -19"><span class='ocrx_word' id='word_1_493' title='bbox 199 4103 339 4163; x_wconf 87' lang='lat' dir='ltr'>spexerim,</span> <span class='ocrx_word' id='word_1_494' title='bbox 362 4116 396 4151; x_wconf 88' lang='lat' dir='ltr'>ex</span> <span class='ocrx_word' id='word_1_495' title='bbox 418 4105 536 4154; x_wconf 88' lang='lat' dir='ltr'>omnibus</span> <span class='ocrx_word' id='word_1_496' title='bbox 552 4105 600 4154; x_wconf 89' lang='lat' dir='ltr'>viis</span> <span class='ocrx_word' id='word_1_497' title='bbox 618 4118 681 4166; x_wconf 89' lang='lat' dir='ltr'>quas</span> <span class='ocrx_word' id='word_1_498' title='bbox 698 4106 730 4154; x_wconf 86' lang='lat' dir='ltr'>sd</span> <span class='ocrx_word' id='word_1_499' title='bbox 742 4111 767 4153; x_wconf 92' lang='lat' dir='ltr'>te</span> <span class='ocrx_word' id='word_1_500' title='bbox 785 4106 920 4154; x_wconf 89' lang='lat' dir='ltr'>colendum</span> <span class='ocrx_word' id='word_1_501' title='bbox 936 4104 1034 4166; x_wconf 87' lang='lat' dir='ltr'>ingredi</span> <span class='ocrx_word' id='word_1_502' title='bbox 1051 4104 1148 4167; x_wconf 88' lang='lat' dir='ltr'>possim</span> <span class='ocrx_word' id='word_1_503' title='bbox 1164 4111 1250 4154; x_wconf 86' lang='lat' dir='ltr'>tamen</span> <span class='ocrx_word' id='word_1_504' title='bbox 1267 4117 1319 4153; x_wconf 86' lang='lat' dir='ltr'>uns</span> 
     </span>
     <span class='ocr_line' id='line_1_48' title="bbox 198 4169 1318 4236; baseline 0.006 -20"><span class='ocrx_word' id='word_1_505' title='bbox 198 4169 277 4216; x_wconf 89' lang='lat' dir='ltr'>modo</span> <span class='ocrx_word' id='word_1_506' title='bbox 290 4170 396 4218; x_wconf 86' lang='lat' dir='ltr'>audacia</span> <span class='ocrx_word' id='word_1_507' title='bbox 407 4179 527 4234; x_wconf 87' lang='lat' dir='ltr'>superest,</span> <span class='ocrx_word' id='word_1_508' title='bbox 541 4179 638 4222; x_wconf 85' lang='lat' dir='ltr'>ceterae</span> <span class='ocrx_word' id='word_1_509' title='bbox 648 4173 705 4223; x_wconf 86' lang='lat' dir='ltr'>viss</span> <span class='ocrx_word' id='word_1_510' title='bbox 715 4172 780 4223; x_wconf 89' lang='lat' dir='ltr'>mihi</span> <span class='ocrx_word' id='word_1_511' title='bbox 791 4180 849 4223; x_wconf 86' lang='lat' dir='ltr'>sunt</span> <span class='ocrx_word' id='word_1_512' title='bbox 861 4172 969 4233; x_wconf 87' lang='lat' dir='ltr'>clausae,</span> <span class='ocrx_word' id='word_1_513' title='bbox 981 4172 1046 4221; x_wconf 87' lang='lat' dir='ltr'>haec</span> <span class='ocrx_word' id='word_1_514' title='bbox 1056 4187 1109 4221; x_wconf 88' lang='lat' dir='ltr'>una</span> <span class='ocrx_word' id='word_1_515' title='bbox 1120 4172 1187 4223; x_wconf 86' lang='lat' dir='ltr'>mihi</span> <span class='ocrx_word' id='word_1_516' title='bbox 1196 4178 1318 4236; x_wconf 84' lang='lat' dir='ltr'>superest,</span> 
     </span>
     <span class='ocr_line' id='line_1_49' title="bbox 198 4235 1315 4304; baseline 0.003 -19"><span class='ocrx_word' id='word_1_517' title='bbox 198 4235 336 4286; x_wconf 87' lang='lat' dir='ltr'>remanet.”</span> <span class='ocrx_word' id='word_1_518' title='bbox 353 4236 395 4286; x_wconf 86' lang='lat' dir='ltr'>Ita</span> <span class='ocrx_word' id='word_1_519' title='bbox 406 4250 457 4298; x_wconf 85' lang='lat' dir='ltr'>qua</span> <span class='ocrx_word' id='word_1_520' title='bbox 464 4239 489 4287; x_wconf 82' lang='lat' dir='ltr'>vi</span> <span class='ocrx_word' id='word_1_521' title='bbox 498 4239 596 4289; x_wconf 89' lang='lat' dir='ltr'>Plinius</span> <span class='ocrx_word' id='word_1_522' title='bbox 607 4241 683 4290; x_wconf 87' lang='lat' dir='ltr'>verba</span> <span class='ocrx_word' id='word_1_523' title='bbox 691 4246 802 4304; x_wconf 82' lang='lat' dir='ltr'>pateant</span> <span class='ocrx_word' id='word_1_524' title='bbox 813 4247 838 4290; x_wconf 88' lang='lat' dir='ltr'>et</span> <span class='ocrx_word' id='word_1_525' title='bbox 850 4247 966 4304; x_wconf 82' lang='lat' dir='ltr'>superest</span> <span class='ocrx_word' id='word_1_526' title='bbox 977 4239 1024 4290; x_wconf 88' lang='lat' dir='ltr'>sibi</span> <span class='ocrx_word' id='word_1_527' title='bbox 1037 4240 1186 4304; x_wconf 79' lang='lat' dir='ltr'>opposuerit</span> <span class='ocrx_word' id='word_1_528' title='bbox 1196 4247 1275 4304; x_wconf 78' lang='lat' dir='ltr'>patst</span> <span class='ocrx_word' id='word_1_529' title='bbox 1285 4276 1315 4288; x_wconf 90' lang='lat'>...</span> 
     </span>
    </p>
   </div>
   <div class='ocr_carea' id='block_1_5' title="bbox 0 0 1454 4794">
    <p class='ocr_par' dir='ltr' id='par_1_6' title="bbox 0 0 1454 4794">
     <span class='ocr_line' id='line_1_50' title="bbox 0 0 1454 4794; baseline 0 0"><span class='ocrx_word' id='word_1_530' title='bbox 0 0 1454 4794; x_wconf 95' lang='lat' dir='ltr'> </span> 
     </span>
    </p>
   </div>
  </div>
 </body>
</html>
