2888 4794
166 265 230 330 452
520 277 726 326 seruatus
748 277 943 326 merorum:

169 430 337 517 prodente,
360 449 419 491 su
432 450 482 514 p.;
505 450 591 493 nuno
613 427 727 494 abesse
747 450 767 492 a
787 427 881 492 litore
903 448 970 493 cxx
986 448 1011 490 rr
1031 426 1135 513 legati
1150 423 1311 492 Arabum

167 531 332 616 nostrique
354 531 580 618 negotiatores,
606 530 662 615 qui
683 529 759 594 inde
780 551 908 607 venere,
931 527 1112 593 adfirmant.
1142 525 1222 594 Nec
1244 528 1311 595 ulle

168 645 261 724 parte
286 632 360 720 plus
387 642 444 698 aut
469 631 606 698 celerius
627 632 794 718 profecere
818 638 921 697 terrae
941 630 1130 698 fluminibus
1151 631 1310 699 invectae

167 735 285 813 maris3
315 733 350 798 id
375 733 492 797 mirum
519 744 584 812 est,
613 742 706 798 aestu
733 732 828 820 longe
856 732 942 798 ultra
966 732 1003 796 id
1028 731 1214 799 accedente
1243 754 1310 797 non
1420 799 1425 814 ,

167 858 348 923 percussas.
377 833 452 900 Hoc
477 834 512 899 in
536 834 606 900 loco
627 834 807 923 ingenitum
829 856 900 900 esse
921 833 1118 918 Dionysium
1141 844 1309 900 terrarum
1322 853 1358 895 ιιι

167 939 256 1007 orbis
284 939 365 1003 situs
391 936 647 1002 recentissimum
674 946 853 1015 auctorem,
882 936 1041 1020 quemad
1064 935 1316 1002 conmentauda·

168 1040 276 1108 omnia
306 1039 342 1103 in
368 1038 524 1104 orientem
558 1036 762 1124 praemiserit
796 1037 890 1103 divos
916 1036 1108 1125 Augustus,
1141 1039 1236 1104 ituro
1267 1037 1309 1101 ad

168 1140 358 1209 Ammiam
385 1141 427 1205 ad
453 1139 623 1205 Parthicas
645 1137 868 1223 Arabicasque
894 1161 947 1203 res
974 1138 1094 1204 maiore
1120 1138 1213 1218 filio,
1242 1160 1315 1203 nou
1416 1208 1422 1217 ,

168 1266 221 1311 me
249 1241 421 1330 praeterit,
452 1264 514 1307 nec
540 1263 612 1306 sum
641 1240 759 1306 oblitus
790 1240 841 1305 sui
867 1261 1029 1326 quemque
1051 1239 1138 1306 situs
1162 1239 1308 1330 diligen-

170 1344 330 1410 tissimum
350 1352 514 1406 auctorem
536 1341 641 1406 visum
666 1341 761 1407 nobis
782 1340 817 1405 in
837 1341 971 1407 introitu
991 1341 1086 1408 huius
1109 1343 1226 1428 operis
1233 1367 1244 1420 ;
1276 1341 1310 1404 in

170 1447 232 1512 hao
253 1455 360 1510 tamen
382 1454 474 1531 parte
496 1465 586 1507 arma
598 1442 744 1509 Romana
767 1443 858 1527 sequi
879 1445 987 1530 placet
1006 1443 1099 1509 nobis
1120 1443 1310 1529 Iubamque

170 1570 282 1634 regem
303 1545 346 1611 ad
368 1545 506 1611 eundem
528 1541 649 1609 Gaium
671 1541 846 1610 Caesarem
867 1546 997 1631 scriptis
1018 1544 1245 1625 voluminibus
1269 1544 1310 1610 de

171 1648 285 1715 eadem
306 1646 512 1733 expeditione
534 1644 686 1712 Arabica.

213 1747 383 1815 XXVIII.
418 1747 470 1812 32.
492 1742 616 1813 Arabia
636 1747 781 1837 gentium
803 1749 884 1814 nulli
905 1749 1125 1837 postferenda,
1148 1749 1309 1835 amplitu-
1323 1766 1362 1811 lit

171 1851 247 1917 dine
268 1849 472 1935 longissima,
500 1871 520 1912 a
541 1857 649 1913 monte
670 1846 817 1929 Amano,
845 1874 866 1915 a
886 1851 1018 1938 regione
1042 1848 1181 1917 Ciliciae
1206 1849 1310 1916 Com·

171 1951 385 2042 magenisque
410 1948 593 2029 descendit,
623 1960 661 2015 ut
682 1949 840 2030 diximus,
865 1952 981 2019 'multis
1009 1951 1165 2041 gentibus
1195 1975 1313 2019 eorum

173 2053 322 2123 deductis
336 2053 391 2120 illo
406 2075 426 2116 a
439 2051 581 2140 Tigrane
595 2074 724 2139 magno,
748 2064 861 2140 sponte
883 2077 959 2120 vero
981 2055 1024 2119 ad
1044 2076 1134 2121 mare
1156 2066 1312 2120 nostrum

172 2159 315 2242 litusque
336 2153 548 2242 Aegyptium,
571 2163 609 2218 ut
630 2152 808 2231 docuimus,
834 2178 981 2221 necnon
1001 2156 1035 2220 in
1056 2155 1166 2220 media
1189 2155 1312 2242 Syriae

173 2262 217 2328 ad
229 2261 395 2326 Libanum
411 2266 553 2323 montem
567 2255 811 2342 penetrantibus
824 2256 960 2338 Nubeis,
985 2259 1101 2342 quibus
1123 2258 1313 2349 iunguntur

173 2360 319 2437 Ramisi,
350 2358 425 2422 dein
452 2355 613 2434 Teranei,
648 2356 722 2420 dein
748 2354 885 2424 Patami.
922 2359 1000 2447 Ipsa
1027 2380 1104 2425 vero
1133 2361 1312 2446 peninsula
1325 2374 1365 2419 14³

174 2459 300 2525 Arabia
331 2457 416 2521 inter
455 2479 480 2518 11
515 2454 619 2519 maria
656 2456 790 2521 rubrum
825 2456 1057 2546 Persicumque
1097 2483 1311 2547 procurrens,

174 2559 315 2647 quodam
340 2567 475 2624 naturae
501 2554 636 2622 artificio
657 2557 700 2622 ad
722 2557 963 2627 similitudinem
984 2573 1082 2647 atque
1103 2563 1312 2650 magnitudi-

65 2738 69 2743 -
175 2713 223 2754 ram
235 2701 328 2764 babuit,
339 2700 429 2752 Daleo.
452 2697 507 2750 inde
522 2695 727 2763 pseudoponieaa
744 2699 834 2763 babuit,
849 2697 872 2764 β
883 2703 976 2768 partim
987 2719 1020 2753 ex
1031 2703 1138 2754 Barbari
1149 2706 1311 2757 coniectura.

176 2770 236 2836 ipra
247 2768 305 2821 inde
313 2778 411 2836 portum
422 2766 515 2828 babuit,
526 2766 606 2817 Hard.
619 2781 633 2815 a
645 2768 716 2816 codd.
726 2762 765 2831 (i)
776 2781 801 2833 r.
813 2770 911 2819 Locum
923 2772 978 2821 sine
988 2772 1136 2821 melioribus
1145 2774 1225 2823 codd.
1234 2789 1311 2824 num·

176 2854 255 2904 quam
262 2838 447 2888 restituendum
455 2835 542 2895 talem,
552 2834 654 2896 qualem
662 2835 721 2883 libri
728 2837 810 2885 nostri
819 2838 948 2900 exhibent,
958 2847 1104 2903 corruptum
1117 2839 1237 2901 exhibui,
1250 2857 1312 2891 eum

176 2908 379 2958 coniecturarum
390 2905 457 2967 quae
466 2903 599 2964 hucusque
609 2902 725 2965 prolatae
736 2911 796 2953 sunt
806 2905 879 2954 nulla
890 2905 1035 2956 satisfaciat.
1048 2947 1079 2955 -
1099 2902 1220 2970 CXXV,
1232 2904 1264 2970 β.
1278 2948 1311 2958 ..

177 2972 386 3039 nepotiatoreaAE.
405 2970 682 3033 ratimeaeqotiatorea
696 2969 748 3019 Td.
772 3011 801 3020 ..
826 2972 884 3034 alla,
897 2974 950 3023 Rd.
973 2968 1136 3038 allairassr.
1156 3015 1190 3024 ..
1205 2976 1311 3041 plue..

178 3051 261 3094 terrae
273 3043 356 3091 omitt.
367 3041 422 3089 Rd.
445 3079 477 3087 -
499 3036 586 3098 maria,
602 3037 656 3087 Rd.
679 3037 775 3101 Macte,
791 3034 836 3104 βγ
851 3042 884 3090 ad
900 3042 1030 3104 sequentia
1044 3040 1192 3092 referentes.
1211 3044 1311 3108 Recepi

177 3110 328 3174 scripturam
340 3108 465 3165 codicum,
477 3113 562 3169 spreta
572 3105 768 3167 interpolatione
784 3108 895 3170 vulgari,
912 3123 1067 3173 quamquam
1077 3109 1143 3158 mihi
1155 3124 1311 3173 persuasum

178 3184 218 3226 ost
231 3176 320 3224 locum
336 3176 372 3223 ita
387 3172 503 3222 nondum
519 3186 574 3221 esse
589 3180 752 3234 persanatum
768 3181 793 3223 et
809 3189 904 3225 nomen
920 3177 997 3227 maris
1014 3180 1236 3240 transponendum
1253 3193 1310 3229 esso

177 3255 245 3306 pone
252 3248 336 3305 parte,
352 3255 404 3304 quo
421 3243 524 3289 demum
539 3238 608 3289 facto
626 3246 652 3288 et
668 3238 732 3288 haec
748 3240 804 3303 ipsa
814 3256 868 3292 vox
879 3252 904 3293 et
915 3245 1077 3308 participium
1088 3243 1201 3294 invectae
1213 3247 1311 3296 iustam

178 3309 375 3437 eprmtptnem
390 3308 527 3372 accipiunt
554 3348 586 3356 ..
614 3306 649 3369 id,
664 3308 714 3357 vid.
727 3309 867 3375 adaqoa.
895 3352 927 3361 ..
949 3328 1095 3376 percussas,
1110 3312 1196 3363 RTd.
1224 3328 1309 3377 reper-

177 3393 274 3437 cussas,
311 3390 336 3441 γ.
739 3420 742 3427 .

407 3446 417 3477 r
583 3447 590 3478 r
690 3442 697 3455 ·
765 3446 770 3458 ·
970 3448 976 3460 ·

178 3446 298 3564 abii?
311 3442 1310 3579 ittttttttttft,amittitdsstittttt{suffit
1376 3505 1380 3511 ·

179 3582 250 3630 tione
263 3596 309 3631 aon
322 3597 358 3630 me
367 3580 486 3645 praeterit
497 3585 613 3644 pendere.
632 3623 664 3631 -
686 3581 854 3646 praemiserit,
870 3584 952 3633 RTd.
976 3583 1115 3649 praemittit,
1131 3579 1185 3648 βγ.
1214 3625 1247 3634 ..
1275 3583 1311 3634 ad

179 3648 328 3712 Armeniam,
343 3649 425 3699 RTd.
447 3648 472 3698 ia
488 3646 634 3709 Ameriam,
649 3645 702 3714 βγ.
725 3690 758 3699 ..
780 3664 823 3698 aec
838 3649 872 3700 sit
886 3648 981 3714 altas,
997 3652 1051 3701 Rd.
1061 3683 1102 3700 κ-
1119 3651 1165 3713 via,
1176 3653 1202 3701 d.
1221 3693 1254 3702 ..
1275 3653 1310 3714 ia,

181 3731 232 3766 om.
245 3718 278 3766 R.
296 3757 329 3766 ..
348 3717 471 3778 introitus,
483 3718 537 3767 Rd.
550 3717 669 3768 Ceterum
680 3733 704 3766 r.
717 3723 741 3778 3,
754 3722 777 3767 2.
797 3758 828 3766 -
847 3715 925 3780 tuias,
938 3734 990 3769 orn.
1002 3720 1034 3769 R
1053 3757 1085 3768 -
1103 3718 1142 3780 de,
1154 3733 1210 3770 om.
1222 3721 1255 3770 R

215 3786 299 3848 §tta
317 3781 390 3845 aelli,
401 3785 452 3834 vid.
465 3790 488 3844 3,
501 3790 541 3835 al.
560 3785 642 3844 natta,
653 3787 678 3836 R
687 3778 767 3836 θΤᾶ.
786 3825 818 3834 ..
837 3781 986 3850 ἱοηφίεείηιε,
997 3789 1029 3838 R
1048 3827 1079 3836 ..
1098 3801 1111 3834 e
1123 3785 1233 3851 reqioree,
1248 3780 1309 3838 θΤ.

179 3852 248 3902 Hinc
258 3853 327 3903 Pint.
340 3852 501 3917 postferenda
517 3851 679 3917 amplitudine,
696 3852 835 3918 loapisaime
850 3870 867 3903 a
883 3863 959 3904 monte
975 3852 1079 3916 Amano,
1096 3871 1170 3920 arey.
1181 3854 1257 3919 legit.
1276 3896 1310 3904 .-

185 3917 385 3986 Goaoqeaiaqae,
397 3922 421 3970 R
430 3912 480 3970 Od.
490 3918 669 3988 ‘Gemmapener
687 3936 723 3983 ae,
735 3915 787 3986 βγ.
806 3962 839 3970 ..
857 3921 964 3972 datam
978 3928 1000 3984 5,
1013 3928 1054 3973 st.
1074 3962 1105 3970 -
1130 3921 1189 3971 litas
1202 3932 1264 3987 qua,
1277 3922 1310 3974 Τ.

181 4027 213 4036 ..
232 3986 386 4053 Aeqyptt'um,
398 3987 443 4036 1t2.
461 3986 603 4054 Aeyyptam,
615 3937 742 4039 13¹de.
765 3987 949 4054 Aeyyptiacam,
960 3985 1011 4055 βγ.
1035 4030 1067 4038 -
1090 3987 1217 4039 docuimus
1231 3996 1310 4053 5,·65.

182 4093 214 4102 -
232 4055 316 4116 medio,
327 4056 359 4106 R.
379 4095 410 4104 ..
428 4053 528 4120 Syriae,
540 4055 571 4104 R
590 4055 674 4122 Syria,
687 4056 741 4106 Tu.
760 4097 792 4105 -
815 4056 906 4107 Sobria
922 4060 963 4108 vel
980 4057 1208 4120 SeteiaBochart
1221 4073 1310 4123 geogr.

181 4135 245 4169 sacr.
257 4137 282 4184 p.
297 4127 336 4174 79.
360 4163 391 4172 ..
413 4121 541 4184 Ramista,
558 4125 583 4174 d.
607 4164 639 4172 -
663 4123 728 4185 dein,
740 4117 823 4175 Rdd.
846 4122 941 4186 deinde,
953 4121 1004 4191 βγ.
1018 4127 1107 4178 Omitt
1119 4140 1179 4176 curn
1190 4127 1311 4191 sequenti

181 4188 286 4315 pamiae
297 4197 352 4308 ἵ
360 4191 525 4312 οορᾱῂῗῐῖτᾱ.
538 4232 569 4241 ..
587 4190 708 4254 Teranei,
716 4193 749 4243 R
771 4191 883 4254 Teranei,
897 4187 976 4245 0Τά.
989 4235 1021 4245 -
1034 4193 1099 4256 dein,
1108 4194 1133 4244 R
1141 4185 1192 4244 dd.
1213 4193 1311 4256 deiude,

206 4266 232 4318 Υ·
253 4295 284 4304 -
352 4272 411 4320 Μ,
