2888 4794
631 308 740 353 amna
762 307 784 352 1.
1228 287 1268 351 33

149 463 266 528 sianae.
303 458 502 526 Numidicae.
539 459 794 546 Phoenicopteri.
832 459 1022 544 Attagenae.
1059 456 1268 522 Phalacroco-

147 586 248 631 races.
278 562 518 648 Pyrrocoraces.
549 561 786 649 Lagopodestt
816 559 869 627 De
891 561 981 626 novis
1003 559 1127 625 avibus.
1154 557 1268 644 Vipio·

148 688 207 731 nes
215 667 250 730 ⁸³.
273 664 326 733 De
349 663 503 730 fabulosis
516 663 639 728 avibus.
665 660 748 743 Quis
757 664 782 704 ⁸⁴
797 662 932 750 gallinas
948 661 1061 726 farcire
1076 660 1267 738 instituerit3

149 768 205 853 qui
226 767 322 853 primi
331 769 356 808 ⁸⁶
378 787 525 830 censores
547 765 706 830 vetuerint
715 766 749 828 ³⁶.
789 762 872 845 Quis
894 764 1015 849 primus
1037 762 1157 827 aviaria
1177 762 1269 826 insti-

150 867 257 934 tuerit.
293 867 347 935 De
368 868 491 954 Aesopi
520 869 637 955 patina.
684 864 857 932 Generatio
886 867 1010 943 avium3
1034 886 1117 949 quae
1143 875 1270 950 praeter

149 971 218 1036 avis
247 993 308 1036 ova
335 971 480 1058 gignant.
525 966 671 1035 Ovorum
696 991 816 1057 genera
846 979 878 1032 et
906 979 1038 1032 naturae
1047 970 1082 1030 ³⁷.
1127 965 1216 1030 Vitia
1238 974 1271 1030 et

149 1071 292 1137 remedia
312 1072 540 1139 incubantium.
577 1073 747 1158 Augustae
770 1095 811 1136 ex
833 1071 902 1135 ovis
929 1069 1110 1156 augurium.
1148 1065 1271 1148 Quales

150 1173 287 1258 gallinae
308 1184 467 1260 optumae.
504 1173 613 1240 Morbi
641 1196 751 1239 earum
777 1185 810 1238 et
836 1172 1019 1238 remediat.
1055 1170 1272 1236 Ardeolarum

149 1296 270 1363 genera
278 1277 313 1340 ⁸⁹.
366 1274 460 1357 Quae
489 1277 553 1341 sint
579 1278 674 1342 ova4⁰
708 1297 867 1359 cynosura
875 1278 910 1353 ⁴1,
946 1296 1029 1359 quae
1059 1271 1269 1360 hypenemia3

151 1377 311 1462 quomodo
331 1388 462 1465 optume
483 1389 652 1444 serventur
672 1381 776 1443 evall.
812 1376 906 1459 Quae
928 1378 1094 1444 volucrum
1113 1375 1181 1441 sola
1201 1373 1270 1438 ani-

150 1480 246 1547 malia
266 1481 370 1568 pariat
391 1491 425 1546 et
445 1482 527 1546 lacte
548 1481 677 1545 nutriat.
717 1477 811 1561 Quae
834 1479 1032 1545 terrestrium
1053 1500 1114 1542 ova
1133 1476 1269 1563 pariant

151 1577 358 1668 Serpentium
372 1582 536 1669 generatio
544 1585 579 1647 ⁴³.
603 1581 818 1648 Terrestrium
831 1582 973 1647 omnium
986 1579 1159 1667 generatio·
1177 1576 1271 1660 Quae

151 1682 193 1747 sit
214 1683 397 1749 animalium
417 1684 450 1748 in
472 1684 572 1748 uteris
598 1684 712 1769 positio
721 1687 756 1747 ⁴⁴.
795 1681 942 1764 Quorum
970 1682 1153 1746 animalium
1180 1680 1271 1767 origo

151 1784 257 1849 adhuc
277 1785 399 1851 incerta
422 1786 473 1850 sit.
506 1784 559 1852 De
582 1784 799 1850 salamandris.
839 1784 932 1866 Quae
954 1793 1124 1848 nascantur
1146 1805 1187 1847 ex
1208 1804 1272 1846 non

149 1886 280 1974 genitis.
304 1883 398 1966 Quae
412 1897 488 1950 nata
501 1886 580 1950 nihil
594 1884 737 1972 gignant
765 1884 805 1949 In
826 1885 944 1969 quibus
965 1895 1079 1949 neuter
1100 1905 1198 1948 sexus
1220 1883 1270 1948 sit.

149 1986 204 2052 De
227 1986 374 2052 sensibus
402 1988 600 2065 animalium3
633 1995 754 2052 tactum
762 1986 788 2026 ⁴⁵
816 1985 963 2050 omnibus
993 2005 1073 2063 esse,
1103 1984 1181 2049 item
1209 2008 1271 2072 gu-

151 2089 325 2166 statum⁴⁶3
355 2089 473 2173 quibus
495 2090 583 2156 visus
603 2089 794 2176 praecipuus
803 2091 843 2166 ⁴⁷,
870 2088 987 2173 quibus
1008 2089 1169 2166 odoratus,
1199 2086 1271 2171 qui-

152 2189 214 2255 hus
241 2190 380 2255 auditus.
421 2190 475 2263 De
504 2192 598 2278 talpis
607 2193 641 2256 4⁸.
683 2191 740 2255 An
768 2190 881 2256 ostreis
914 2190 1043 2255 auditus
1051 2193 1086 2254 ⁴⁹.
1132 2186 1199 2269 Qui
1231 2209 1272 2253 ex

151 2291 294 2378 piscibus
327 2293 499 2360 clarissime
539 2293 671 2359 audiant
679 2296 713 2357 ³⁰.
768 2291 837 2374 Qui
871 2316 913 2358 ex
948 2292 1090 2378 piscibus
1122 2313 1271 2357 maxume

152 2393 368 2460 odorenturffl.
416 2394 598 2462 Diversitas
630 2395 814 2463 animalium
844 2395 878 2460 in
909 2406 1021 2482 pastu3
1060 2415 1142 2481 quae
1171 2416 1270 2460 vene-

152 2494 202 2560 nis
227 2495 381 2576 vivantu,
409 2520 491 2581 quae
513 2508 598 2563 terra
605 2524 614 2576 ;
643 2520 727 2582 quae
751 2496 837 2563 fame
856 2508 912 2562 aut
937 2498 989 2562 siti
1009 2520 1073 2564 non
1100 2498 1268 2563 intereant.

152 2593 206 2663 De
236 2597 420 2664 diversitate
448 2609 554 2685 potus.
593 2599 688 2681 Quae
716 2599 799 2664 inter
821 2622 856 2664 se
878 2599 1070 2676 dissideant3
1101 2599 1273 2666 amicitiam

153 2698 336 2767 animalium
363 2721 434 2764 esse
464 2711 496 2764 et
522 2700 669 2765 adfectus
698 2700 891 2765 animalium.
935 2699 1094 2784 Exempla
1127 2700 1273 2766 adfectus

154 2801 360 2887 serpentium.
386 2800 440 2868 De
461 2823 571 2866 somno
593 2801 785 2869 animalium.
817 2800 911 2881 Quae
925 2801 1092 2867 somnient.
1124 2797 1271 2865 Summa:

154 2922 207 2967 res
229 2912 262 2966 et
282 2903 433 2969 historiae
455 2913 488 2968 et
508 2901 743 2969 observationes
764 2905 985 2967 Dccxcmrffl.
1334 2970 1340 2986 ,

196 3002 254 3068 Ex
279 3003 538 3070 AUCTORIBUS:
571 3003 755 3083 Manilioffl,
785 3003 935 3070 Cornelio
963 3004 1152 3085 Valeriana,
1183 3005 1273 3085 actis,

158 3103 357 3172 Umbricio55
386 3105 539 3186 Meliore,
571 3105 735 3172 Massurio
766 3104 902 3187 Sabino,
933 3107 1076 3174 Antistio
1109 3107 1273 3189 Labeone,

156 3205 275 3294 Trogo,
299 3205 474 3288 Cremutio,
495 3207 544 3274 M.
560 3207 714 3288 Varrone,
737 3207 848 3275 Macro
862 3209 1012 3289 Aemilio,
1028 3210 1174 3290 Melissa
1196 3211 1274 3279 Mu·

154 3381 207 3432 Ra.
242 3387 284 3432 84.
305 3379 540 3443 Quanamuinua
562 3382 616 3445 Qui,
632 3385 733 3434 RTad.
769 3389 809 3433 35.
827 3384 872 3447 qai
878 3384 960 3448 primi,
971 3385 1022 3435 Ra.
1042 3386 1131 3449 quique
1143 3388 1185 3437 loc
1194 3386 1275 3452 primi,

155 3449 208 3500 Τᾶ.
238 3455 279 3500 36.
296 3449 415 3511 adamat,
428 3451 464 3500 ita
475 3466 523 3500 nos
535 3452 687 3514 scripsimus.
705 3459 831 3512 vetuerunt,
844 3452 944 3501 RTad.
980 3456 1020 3503 st.
1038 3462 1061 3502 et
1070 3462 1182 3516 naturae,
1194 3456 1275 3506 RTd.

155 3516 194 3567 rei
203 3525 318 3578 murae,
328 3519 352 3566 d.
375 3523 415 3567 38.
428 3516 512 3568 Morbi
517 3519 667 3578 -remedim
679 3520 729 3569 Ra.
743 3519 871 3570 Omittunt
882 3520 934 3570 Td.
957 3526 997 3570 39.
1009 3520 1168 3571 Ardiolarum
1179 3539 1275 3588 ponera,

155 3599 178 3635 a
190 3584 264 3635 Pone
275 3586 357 3651 lypeu.
371 3586 502 3635 collocant
512 3587 592 3638 RTd.
611 3593 651 3636 40.
664 3585 732 3644 Quae
744 3586 856 3648 sinteca,
869 3589 920 3637 ΒΤ
928 3589 951 3637 (1.
969 3587 1044 3650 Quae,
1057 3605 1079 3638 a
1098 3595 1139 3639 41.
1149 3605 1275 3655 cynosura,

154 3651 233 3702 Hsrd„
247 3653 386 3717 quiescere,
399 3670 421 3702 a
441 3653 514 3703 urina
527 3670 588 3717 quae
600 3654 781 3718 poleosnomii.
794 3654 867 3716 urite,
880 3656 911 3705 T.
929 3656 1008 3717 urina,
1021 3659 1044 3706 d.
1068 3663 1109 3706 42.
1122 3674 1176 3717 ova,
1189 3671 1239 3704 om.
1253 3672 1275 3705 a

155 3724 196 3769 48.
217 3720 347 3785 generatio,
364 3723 415 3771 aa
432 3739 528 3787 ponera,
544 3723 597 3772 Ta
637 3728 677 3772 44.
695 3723 727 3772 sit
742 3732 767 3772 et
780 3722 877 3787 positio,
895 3739 917 3773 a
940 3724 988 3773 siut
1003 3732 1028 3773 ct
1041 3733 1160 3788 porrecta,
1173 3725 1224 3773 To.
1246 3723 1278 3773 ait

155 3792 181 3834 et
193 3787 288 3851 posita,
304 3789 358 3838 Ra
374 3804 451 3845 mauu
468 3791 585 3838 secunda.
621 3796 661 3840 45.
684 3799 777 3851 tactum,
794 3792 892 3840 Broter.
915 3801 1003 3852 tactus,
1019 3793 1071 3842 Ra.
1100 3791 1183 3854 quattu
1200 3799 1277 3840 tactus

153 3852 308 3918 praecipuus,
325 3856 377 3905 Τὰ.
413 3862 453 3906 46.
472 3856 525 3905 iem
541 3865 668 3921 gustatum,
684 3860 714 3907 R
740 3858 792 3907 hem
808 3867 924 3924 pactatus,
943 3875 965 3908 a
990 3859 1076 3922 quibus
1087 3867 1206 3923 pustulas,
1223 3860 1275 3909 Td.

156 3922 198 3971 47.
212 3922 368 3988 praeoptatus,
386 3924 436 3975 Ra.
460 3923 588 3974 Omittunt
604 3926 657 3975 Τὰ.
694 3931 733 3975 48.
753 3925 839 3989 quibus
857 3927 961 3977 auduus.
979 3927 1020 3976 De
1032 3926 1112 3990 tulpia
1125 3928 1176 3976 Ra.
1190 3927 1219 3978 de
1230 3927 1276 3978 tal-

152 4004 244 4053 parum
255 3990 415 4052 auditu,'l'd.
455 3996 496 4040 49.
514 3990 645 4053 Auoatris,
658 4009 680 4041 a
699 3993 820 4054 anostris,
833 3995 864 4043 R.
905 4000 944 4043 50.
968 3992 1016 4050 Qui
1027 4034 1058 4042 ..
1072 3994 1179 4057 audiant,
1195 3998 1275 4048 RTd.

156 4054 260 4107 Omittit
274 4074 298 4108 a.
339 4063 378 4107 51.
401 4056 449 4114 Qui
464 4097 495 4106 ..
514 4058 646 4120 odorentur,
662 4061 735 4109 Rad.
754 4059 856 4110 Omittit
872 4061 902 4110 Τ.
945 4066 984 4110 52.
1007 4061 1101 4111 venenis
1116 4063 1204 4126 vivent,
1221 4067 1276 4116 Ta

156 4139 248 4175 venena
258 4121 288 4187 (a
299 4140 362 4176 corr.
376 4122 470 4188 veneni)
486 4134 609 4189 superant,
621 4142 643 4175 a.
656 4127 909 4188 valentianorum
934 4133 973 4178 53.
990 4128 1129 4180 Numerum
1147 4133 1241 4183 omittit
1253 4135 1276 4183 d.

158 4194 214 4308 54.P
224 4191 342 4309 Manilio,
359 4195 440 4245 RTd.
471 4191 591 4255 Mamilio,
608 4210 630 4243 a.
676 4200 714 4244 55.
737 4193 855 4256 Umbriae,
876 4197 927 4246 Ra
1054 4263 1074 4324 3

214 4272 267 4309 HN.
300 4296 306 4309 .
