2888 4794
158 346 162 361 .
195 285 256 348 160
544 299 748 347 alrannus
772 299 966 346 nrsromna

194 453 233 519 Τ.
255 453 384 517 Annius
405 449 487 517 Milo
509 451 632 517 occisus
663 462 720 518 est.
744 450 868 517 Eodem
897 475 1025 518 causam
1047 453 1175 519 dicente
1203 455 1314 520 lateri-

193 556 255 621 bus
278 555 375 620 coctis
396 553 538 640 pluvisse
560 553 593 618 in
615 566 688 619 acta
710 554 779 621 eius
801 555 875 619 anni
897 557 1032 621 relatum
1055 567 1112 620 est.

235 654 343 721 LVII.
378 655 428 720 58.
455 653 630 720 Armorum
651 655 791 741 crepitus
818 667 850 720 et
878 657 974 722 tubae
1001 657 1123 723 sonitus
1146 657 1272 724 auditos
1296 679 1380 726 eres

194 759 282 824 caelo
298 754 467 822 Cimbricis
482 754 574 823 bellis
589 756 771 842 accepimus
786 758 964 843 crebroque
980 770 1013 824 et
1025 761 1116 846 prius
1137 770 1169 825 et
1183 772 1313 847 postes3

193 860 286 924 tertio
308 881 385 924 vero
407 859 574 924 consulatu
595 856 683 922 Mari
705 859 745 924 ab
767 858 929 925 Amerinis
957 871 990 926 et
1011 860 1209 928 Tudertibus
1238 885 1313 948 spe-

192 973 279 1026 ctata
300 984 388 1025 arma
409 959 560 1026 caelestia
581 960 621 1025 ab
643 969 717 1024 ortu
739 982 918 1045 occasuque
932 955 1016 1027 inier
1031 985 1065 1027 se
1081 965 1312 1044 concurrentia,

192 1063 293 1149 pulsis
315 1085 397 1148 quae
419 1063 459 1127 ab
481 1084 597 1127 occasu
619 1072 718 1126 erant.
754 1061 867 1158 Ipsum
890 1064 1001 1128 ardere
1024 1065 1148 1129 caelum
1169 1065 1313 1131 minume
1398 1145 1405 1150 .

191 1163 306 1229 mirum
330 1175 362 1228 et
384 1164 514 1255 saepius
534 1163 648 1241 visum,
671 1163 789 1229 maiore
810 1163 878 1252 igni
899 1165 1040 1231 nubibus
1062 1167 1232 1252 conreptis.

233 1263 358 1330 LVIII.
393 1266 445 1331 59.
476 1262 650 1331 Celebrant
677 1262 795 1330 Graeci
821 1265 1040 1353 Anaxagoran
1067 1263 1312 1334 Clazomenium
1328 1287 1376 1333 111

191 1367 382 1453 olympiadis
405 1367 660 1455 septuagesimae
681 1376 812 1432 octavae
841 1369 979 1434 secundo
1006 1391 1088 1433 anno
1109 1358 1313 1456 praedixisse

192 1470 378 1535 caelestium
398 1470 576 1535 litterarum
599 1468 742 1546 scientia,
765 1468 882 1552 quibus
904 1469 1018 1535 diebus
1034 1493 1147 1536 saxum
1162 1494 1312 1537 casurum

191 1583 276 1636 esset
306 1595 323 1635 e
351 1573 432 1650 sole,
462 1569 561 1654 idque
590 1569 712 1635 factum
739 1569 879 1636 interdiu
904 1571 939 1636 in
964 1568 1120 1637 Thraciae
1150 1583 1240 1659 parte
1268 1575 1312 1638 ad

191 1672 301 1758 Aegos
321 1672 452 1738 flumen.
490 1670 557 1753 Qui
579 1673 661 1757 lapis
684 1672 867 1737 etiamnunc
887 1673 1067 1738 ostenditur
1088 1674 1310 1760 magnitudine

191 1775 292 1852 vehis,
316 1776 419 1840 colore
442 1775 566 1852 adusto,
594 1764 718 1839 comete
740 1795 867 1858 quoque
888 1774 952 1840 illis
973 1776 1120 1841 noctibus
1141 1775 1308 1863 flagrante.

96 1870 98 1874 ’
193 1875 290 1958 Quod
312 1877 339 1941 si
361 1877 433 1961 quis
454 1876 654 1963 praedictum
676 1876 796 1955 credat,
825 1876 918 1940 simul
940 1876 1081 1942 fateatur
1101 1901 1233 1943 necesse
1261 1889 1311 1944 est

190 1978 319 2043 maioris
342 1978 486 2044 miraculi
509 1977 707 2043 divinitatem
732 1977 947 2063 Anaxagorae
969 1977 1069 2043 fuisse
1092 1979 1235 2064 solvique
1257 2002 1310 2045 re·
1364 2029 1367 2033 .

191 2104 262 2145 rum
283 2091 417 2145 naturae
439 2080 637 2144 intellectum
659 2091 689 2144 et
713 2078 864 2144 confundi
887 2079 1003 2158 omnia,
1033 2079 1060 2144 si
1089 2090 1147 2144 aut
1170 2081 1239 2166 ipse
1262 2081 1310 2147 sol

190 2182 272 2265 lapis
295 2203 365 2246 esse
387 2193 443 2246 aut
463 2203 615 2263 umquam
636 2179 777 2265 lapidem
792 2171 836 2243 'in
864 2203 901 2244 eo
930 2180 1030 2245 fuisse
1053 2181 1218 2260 credatur3
1249 2182 1308 2246 de-

190 2284 296 2348 cidere
324 2293 430 2347 tamen
457 2282 569 2347 crebro
597 2303 661 2345 non
683 2281 745 2345 erit-
764 2280 906 2346 dubium.
943 2280 983 2344 In
1003 2280 1117 2366 Abydi
1139 2284 1308 2370 gymnasio

190 2407 231 2450 ex
253 2407 291 2448 ea
313 2407 410 2448 causa
432 2384 544 2449 colitur
564 2382 723 2466 hodieque
744 2381 889 2446 modicus
912 2381 1041 2466 quidem
1072 2384 1131 2448 sed
1157 2406 1254 2468 quem
1274 2385 1308 2450 in

188 2486 295 2553 media
316 2495 471 2552 terrarum
491 2507 641 2552 casurum
661 2485 748 2549 idem
768 2484 980 2571 Anaxagoras
1006 2485 1206 2569 praedixisse
1230 2510 1306 2552 nar-

187 2735 267 2783 detur.
289 2733 356 2783 Nam
371 2733 432 2782 licet
446 2732 592 2782 consulatus
608 2730 683 2782 Pauli
700 2738 725 2780 ct
735 2728 852 2780 Marcelli
867 2729 962 2779 incidat
982 2730 1009 2779 in
1026 2743 1122 2778 annum
1135 2731 1200 2789 704,
1217 2731 1307 2780 caedes

187 2802 292 2851 Milonis
304 2803 331 2850 in
343 2817 365 2850 a.
380 2806 444 2860 706,
454 2802 521 2850 unde
533 2801 625 2850 horum
635 2798 757 2848 librorum
770 2797 893 2860 scripnrra
904 2797 1016 2861 aliquam
1026 2799 1079 2846 veri
1088 2798 1197 2860 speciem
1208 2813 1268 2860 prae
1280 2812 1308 2848 se

187 2869 244 2930 fert,
256 2879 341 2919 tamen
351 2876 407 2933 poet
416 2871 484 2922 nude
498 2869 610 2931 positum
627 2869 653 2916 h.
666 2869 684 2916 l.
702 2866 815 2926 offendit,
828 2872 854 2914 et
863 2864 940 2915 verba
949 2873 1007 2929 post
1017 2879 1105 2914 annum
1116 2880 1170 2914 non
1181 2866 1256 2915 nimis
1268 2881 1307 2915 se·

187 2951 245 2986 vere
257 2939 288 2986 de
300 2937 361 3000 ipsis
373 2937 507 2986 duodecim
523 2935 652 2985 mensibus
669 2935 791 2997 capienda
808 2936 874 2983 suut.
903 2933 970 2983 Cum
986 2933 1135 2993 nesciamus,
1153 2948 1203 2997 quo
1220 2948 1307 2984 mense

188 3005 233 3054 illa
244 3005 331 3068 pluvia
343 3004 469 3062 deciderit,
490 3003 556 3052 nihil
572 3018 621 3052 nos
637 3002 749 3065 impedit,
767 3001 903 3064 quominus
920 3001 1041 3050 tredecim
1057 3001 1099 3049 vel
1115 3001 1307 3063 quatuordecim

188 3075 266 3122 modo
279 3085 377 3120 menses
389 3071 559 3119 intercessisse
570 3078 695 3133 putemus.
714 3069 755 3118 Ita
766 3069 917 3119 dubitationi
928 3068 1053 3133 Xylendri
1065 3071 1098 3118 ad
1105 3069 1183 3119 Dion.
1193 3069 1263 3119 Cass.
1273 3069 1306 3119 T.

188 3141 209 3188 1.
222 3155 247 3202 p.
260 3144 318 3189 ³20.
331 3147 389 3202 apte
401 3137 498 3186 occurri
510 3138 637 3188 existimo.
656 3177 687 3185 -
710 3135 749 3197 T„
767 3137 847 3186 omitt.
859 3138 885 3185 Β
896 3139 924 3185 11
934 3139 948 3185 ¹.
967 3177 999 3185 -
1018 3134 1139 3198 Manlius,
1150 3137 1253 3187 Robert.
1276 3177 1304 3184 -

189 3203 293 3266 Eadem,
310 3206 358 3255 Β1.
378 3246 409 3253 -
424 3204 541 3269 pluvisse,
557 3206 593 3254 ita
609 3219 656 3254 nos
672 3204 825 3267 scripsimus.
846 3202 950 3269 pluisse,
966 3198 1109 3268 Radassr.
1129 3245 1160 3252 ..
1179 3213 1237 3254 acta
1254 3205 1306 3254 eiua

188 3273 256 3332 anai,
268 3274 321 3323 Ro.
340 3272 391 3323 eius
404 3268 599 3337 11111111,βγ.
618 3273 670 3322 eiua
682 3269 751 3333 anui,
764 3288 787 3321 a.
805 3270 858 3321 eius
871 3281 934 3334 acta,
945 3273 1050 3322 Robert

221 3339 237 3401 ξ
251 3344 306 3391 148.
319 3339 456 3402 comitiali
472 3337 565 3404 (Rob.)
582 3355 667 3401 sonus,
680 3343 769 3390 11.-
783 3339 894 3400 auditus,
906 3353 969 3390 a...
981 3341 1122 3404 crebroque,
1134 3339 1186 3390 ΒΤ
1194 3329 1303 3387 tiadra

187 3411 339 3474 crebrosque,
349 3405 378 3472 β.
398 3450 429 3458 ..
447 3417 471 3458 et
478 3418 570 3474 postea,
583 3409 621 3459 ad
636 3405 765 3471 (Robert.)
784 3417 878 3472 postea,
894 3409 919 3458 Β
929 3410 945 3456 ¹.
966 3416 1054 3472 postea
1065 3415 1095 3468 et,
1107 3407 1155 3458 Β1.
1173 3446 1204 3455 -
1222 3406 1304 3466 tertia,

187 3478 235 3527 R¹.
256 3519 287 3526 -
306 3477 368 3539 uiro,
380 3479 412 3527 Β.
431 3517 463 3526 ..
480 3477 607 3540 consulati,
617 3477 743 3527 Richelet.
762 3517 794 3525 ..
812 3473 912 3536 Maria,
922 3477 955 3526 Β.
974 3473 1059 3525 Marii
1075 3493 1100 3537 a,
1113 3477 1156 3525 ad.
1173 3471 1267 3523 Martii
1278 3489 1304 3535 a,

186 3560 211 3595 a.
230 3587 261 3595 ..
283 3543 413 3606 Amerinis,
430 3545 523 3596 Sabell.
548 3543 711 3605 Mamertinis,
731 3536 835 3593 Oadra
848 3539 983 3605 (Robert.)
1005 3540 1170 3603 Mineruia,
1184 3542 1216 3592 Β.
1242 3541 1304 3591 Vid.

185 3615 316 3664 Plutarch.
328 3615 393 3663 Mar.
408 3616 447 3663 17.
466 3654 497 3661 ..
520 3621 652 3676 expectata,
663 3613 712 3662 Β1.
733 3652 764 3659 ..
787 3626 948 3674 occasuquae,
959 3613 991 3662 Β.
1019 3651 1050 3659 ..
1072 3610 1149 3674 pulsis
1162 3624 1234 3674 quac,
1250 3610 1303 3659 Ra.

183 3680 324 3747 pulsisque,
337 3684 381 3730 da.
397 3677 529 3746 pulsisque
542 3695 596 3744 que,
608 3679 639 3728 Τ.
653 3720 683 3727 -
696 3687 728 3740 et,
740 3680 771 3728 Β.
790 3685 869 3740 estet,
881 3674 1056 3742 a(Rob.)ss7.
1073 3683 1120 3739 -ζ-,
1133 3679 1157 3727 (1.
1170 3718 1202 3726 ..
1215 3675 1240 3724 ia
1252 3693 1304 3726 ma·

187 3748 246 3810 iore,
257 3751 282 3800 Β
292 3751 306 3798 ¹.
325 3790 356 3798 -
376 3747 433 3815 ipsi,
445 3749 495 3797 Β1.
517 3747 576 3811 ipae,
592 3739 665 3810 Odr.
683 3745 785 3810 ipatius,
801 3762 817 3795 1
827 3747 840 3795 ¹.
865 3761 903 3808 ae,
915 3747 1002 3797 R¹a¹.
1021 3747 1053 3807 ui,
1065 3745 1132 3796 Rob.
1151 3744 1178 3794 ai
1188 3740 1303 3808 iyniasss.

225 3816 240 3877 §
263 3822 318 3866 149.
341 3816 558 3879 Anaxagoramd
579 3811 709 3878 (Robert.)
735 3811 920 3874 Anaaamrac,
941 3831 963 3863 a.
991 3811 1183 3877 Aawaporum,
1205 3806 1303 3876 Β1βγ.

186 3883 370 3944 Anaaazoram,
383 3886 408 3935 Β
417 3886 433 3931 1.
456 3923 482 3932 ..
505 3879 703 3942 Clcazomenium,
716 3883 766 3932 Β1.
785 3879 963 3941 clazomenium,
974 3882 1000 3931 Β
1009 3885 1024 3930 ¹.
1037 3922 1069 3929 -
1086 3881 1199 3941 secundo,
1211 3880 1303 3930 Rue

186 3952 369 4012 meserecordia,
381 3952 430 4002 Β1.
449 3993 480 4000 ..
499 3951 644 4010 litterarum,
655 3951 748 4001 R²ad.
771 3948 873 3999 militiae
883 3965 977 4011 rarum,
993 3950 1042 4000 R¹.
1060 3947 1207 4009 militiarum,
1223 3939 1252 3996 θ.
1272 3988 1303 3996 ..

187 4034 326 4077 causarum,
343 4033 366 4069 a.
386 4061 417 4069 ..
437 4035 457 4081 e,
474 4020 544 4070 R²a
565 4035 605 4078 ea,
621 4021 644 4068 d.
668 4015 707 4078 de,
719 4016 768 4067 R¹.
791 4034 815 4076 a,
831 4018 935 4068 Robert.
955 4059 986 4066 ..
1005 4014 1104 4078 trachia,
1121 4017 1153 4066 Β.
1174 4057 1205 4064 -
1224 4017 1304 4081 eptas,

186 4087 218 4136 Β.
237 4127 268 4134 -
287 4087 370 4151 lapsis,
382 4087 435 4137 R¹.
456 4129 486 4136 -
509 4087 652 4145 etiamnunc,
668 4087 760 4136 Β11(1.
788 4083 931 4146 etiammiac,
947 4099 971 4133 a.
990 4085 1087 4144 etiami,
1103 4085 1153 4135 Β1.
1173 4120 1204 4132 ..
1227 4080 1304 4141 veiis,

76 4194 79 4201 ,
186 4153 303 4203 ΒΤ1(11.
327 4152 446 4216 amicilia,
463 4156 482 4206 S
499 4151 629 4215 (Robert.)
647 4156 689 4203 (1².
717 4150 827 4213 vehiculi,
843 4154 876 4202 Κ.
901 4195 932 4202 ..
955 4150 1042 4213 colere,
1057 4153 1107 4203 Β1.
1136 4192 1167 4200 ..
1193 4148 1303 4212 adiisto,

186 4221 234 4271 R¹.
254 4262 285 4269 -
303 4221 391 4280 comio,
402 4221 451 4272 Β1.
472 4263 502 4271 ..
523 4219 683 4286 praedictum,
700 4221 725 4271 Β
741 4216 781 4281 (in
797 4216 875 4281 corr.)
892 4224 916 4271 d.
945 4220 1059 4282 relicuus,
1077 4237 1100 4270 a.
1120 4260 1151 4269 ,
1169 4218 1262 4279 credat,
1279 4219 1304 4268 Β
