2888 4794
191 255 252 319 182
538 265 743 313 assumus
765 265 961 313 msrosms

190 422 350 488 Undantis
365 419 527 486 inclinatio
544 429 577 482 et
595 416 712 484 fluctus
732 441 820 484 more
835 417 993 502 quaedam
1015 419 1171 484 volutatio
1192 420 1319 487 infesta

191 536 257 603 est,
286 536 341 589 aut
367 546 440 590 cum
461 523 495 587 in
516 543 613 585 unam
634 529 759 607 partem
782 530 868 585 totus
890 541 926 585 se
947 529 1053 585 motus
1073 519 1207 606 inpellit.
1241 522 1317 589 De·

191 628 299 692 sinunt
319 635 428 690 autem
450 635 615 703 tremores,
639 645 713 688 cum
734 633 850 688 ventus
874 622 1019 701 emersit3
1044 623 1093 689 sin
1114 645 1197 694 vero,
1213 624 1317 690 dura-

190 751 276 807 vere,
299 750 363 793 non
384 736 458 794 ante
482 724 694 813 quadraginta
713 725 782 790 dies
804 724 971 803 sistuntur,
993 724 1183 811 plerumque
1198 735 1232 791 et
1247 736 1316 791 tar-

190 830 273 909 dius,
296 839 408 916 utpote
430 852 504 895 cum
525 828 656 912 quidam
678 848 784 892 annuo
807 838 839 892 et
859 826 969 894 bienni
991 827 1095 913 spatio
1117 827 1316 894 duraverint.

237 929 443 1011 LXXXIII.
487 931 538 997 85.
572 929 710 995 Factum
744 939 794 994 est
826 928 945 1008 semel,
979 929 1066 1013 quod
1098 929 1248 1013 equidem
1279 932 1317 996 in
1333 953 1381 998 ree

188 1033 345 1099 Etruscae
373 1033 560 1118 disciplinae
588 1032 802 1097 voluminibus
829 1030 975 1109 invenio,
1008 1031 1123 1120 ingens
1157 1041 1318 1099 terrarum

188 1147 372 1223 portentum
400 1134 441 1199 L.
470 1134 596 1200 Marcio
624 1131 701 1200 Sex.
731 1133 814 1199 Iulio
844 1155 925 1199 coss.
956 1133 990 1197 in
1019 1155 1097 1220 egro
1122 1131 1316 1201 Mutinensi.

188 1237 336 1321 Namque
362 1246 489 1302 montes
515 1237 580 1302 duo
600 1236 685 1301 inter
707 1257 741 1300 se
765 1245 994 1301 concurrerunt
1016 1233 1142 1321 crepitu
1161 1257 1317 1302 maxumo

189 1338 387 1405 adsultantes
401 1339 664 1422 recedentesque,
687 1337 772 1402 inter
792 1359 846 1403 eos
864 1335 992 1401 flamma
1012 1335 1165 1420 fumoque
1184 1335 1219 1402 in
1238 1359 1316 1404 cae·

188 1443 255 1506 lum
270 1451 408 1506 exeunte
422 1439 578 1518 interdiu,
602 1449 767 1526 spectante
782 1461 800 1504 e
815 1437 869 1504 via
881 1437 1023 1504 Aemilia
1035 1461 1155 1526 magna
1169 1439 1316 1523 equitum

188 1541 405 1610 Romanorum
420 1543 675 1627 familiarumque
698 1551 731 1606 et
752 1541 911 1607 viatorum
931 1540 1147 1605 multitudine.
1170 1536 1221 1605 Εό
1235 1562 1315 1607 eou-

190 1667 286 1711 cursu
305 1645 399 1712 villae
419 1667 529 1712 omnes
551 1643 659 1723 elisae,
682 1643 832 1710 animalia
851 1643 1012 1729 permulta
1032 1664 1115 1727 quae
1136 1642 1221 1708 intra
1240 1643 1316 1710 fue·

187 1758 259 1812 rant
287 1747 468 1813 exanimata
496 1757 571 1812 sunt
598 1768 681 1812 anno
708 1756 782 1813 ante
812 1744 928 1811 sociale
953 1743 1084 1823 bellum,
1114 1743 1202 1828 quod
1226 1743 1316 1811 haud

191 1849 257 1915 scio
272 1871 313 1913 an
328 1849 491 1915 funestius
514 1858 617 1914 terrae
638 1846 702 1934 ipsi
722 1846 835 1913 Italiae
857 1845 957 1912 suerit
978 1867 1075 1930 quam
1097 1845 1211 1914 civilia.
1239 1846 1316 1914 Non

189 1953 294 2018 minus
314 1953 430 2017 mirum
452 1961 615 2018 ostentum
637 1961 671 2016 et
690 1959 800 2016 nostra
821 1947 974 2037 cognovit
995 1957 1083 2014 aetas
1105 1969 1188 2013 anno
1209 1946 1315 2041 Nero-

188 2054 239 2119 nis
260 2054 415 2140 principis
438 2076 599 2139 supremo,
622 2053 706 2118 sicut
724 2052 759 2117 in
775 2051 873 2119 rebus
888 2051 959 2117 eius
974 2050 1191 2136 exposuimus,
1213 2052 1316 2137 pratis

190 2156 332 2239 oleisque
357 2156 575 2222 intercedente
602 2153 732 2240 publica
758 2153 812 2218 via
837 2154 872 2218 in
899 2153 1074 2219 contrarias
1099 2152 1187 2219 sedis
1208 2164 1315 2219 trans-

189 2258 310 2344 gressis
335 2257 369 2322 in
395 2279 475 2345 agro
496 2255 702 2334 Marrucino,
732 2255 872 2339 praediis
899 2251 996 2320 Vecti
1020 2251 1168 2321 Marcelli
1195 2255 1314 2339 equitis

189 2357 326 2424 Romani
346 2381 399 2425 res
419 2357 558 2423 Neronis
579 2355 791 2443 procurantis.

231 2458 435 2526 LXXXIV.
468 2459 520 2525 86.
548 2457 650 2523 Fiunt
671 2457 766 2524 simul
787 2478 860 2522 cum
885 2466 989 2524 terrae
1010 2468 1101 2525 motu
1122 2469 1156 2526 et
1175 2458 1314 2525 inunda-
1329 2480 1380 2526 aco
1429 2455 1433 2459 ⁹

190 2563 293 2628 tiones
314 2562 412 2628 maris
434 2561 548 2628 eodem
569 2559 721 2628 videlicet
743 2560 859 2646 spiritu
878 2560 978 2628 infusi
997 2584 1036 2628 ac
1051 2561 1315 2628 terrae-residen-

190 2664 231 2731 tis
246 2665 319 2732 sinu
332 2665 465 2752 recepti.
491 2661 668 2730 Maxumus
688 2673 791 2730 terrae
812 2663 967 2730 memoria
986 2664 1170 2730 mortalium
1190 2663 1316 2730 exstitit

223 2838 316 2902 dantis,
332 2842 382 2891 R¹.
403 2882 435 2890 ..
453 2839 576 2904 fluctuas,
593 2841 643 2890 1³¹.
662 2839 797 2905 fluctuum,
819 2830 848 2888 θ.
867 2879 899 2888 -
918 2838 1023 2900 emersit,
1038 2839 1073 2890 A.
1096 2838 1215 2899 remersit,
1231 2839 1264 2888 Β.
1287 2854 1315 2888 se

190 2909 284 2973 meruit,
296 2910 338 2958 a¹.
365 2925 392 2959 se
408 2909 496 2969 mersit,
514 2910 538 2958 d.
561 2906 671 2971 ernerqs't,
688 2910 722 2956 a²
742 2903 872 2969 (Robert.)
894 2946 926 2956 ..
949 2905 1051 2968 in,1s¹.
1068 2947 1101 2957 ..
1119 2905 1251 2968 duamur,
1262 2907 1314 2956 R¹.

190 3017 222 3027 ..
239 2975 330 3037 bienni,
342 2979 384 3026 αἳ.
403 2973 503 3035 biennii,
516 2970 587 3039 ᾱβγ.
607 2975 709 3034 biennio,
719 2975 784 3024 AT.
802 2972 867 3036 bino,
879 2976 919 3024 a¹.
938 2975 1026 3036 adimo,
1037 2976 1070 3026 Β.

223 3045 238 3108 ς
253 3049 309 3093 199.
326 3041 553 3107 Etsaeam,Ra¹.
571 3080 604 3090 -
623 3049 666 3102 est,
678 3042 763 3092 RAd.
787 3051 823 3092 est
834 3051 863 3102 a,
875 3045 916 3092 a2.
939 3051 976 3094 est
987 3044 1071 3104 ettoe,
1083 3045 1132 3107 hy.
1156 3041 1213 3093 0m.
1225 3043 1267 3091 αἱ.
1282 3081 1313 3092 ..

189 3109 290 3170 invenio,
302 3109 432 3160 R²ATd.
451 3106 547 3170 inveni,
558 3103 676 3172 R¹assr.
693 3109 820 3170 invenitur,
836 3100 865 3158 θ.
884 3149 916 3158 ..
933 3127 991 3176 pens
1003 3119 1048 3170 ter,
1060 3112 1085 3161 Β
1101 3111 1205 3160 incorr.
1223 3149 1256 3159 ..
1272 3107 1315 3172 L,

190 3178 272 3226 omitt.
284 3179 309 3226 Β
318 3176 386 3226 ¹Td.
406 3216 438 3225 ..
456 3173 532 3234 Iulio,
544 3175 660 3226 R²Aad
672 3172 803 3238 (Robert.)
822 3174 892 3239 lusio,
903 3178 929 3227 Β
939 3181 954 3226 ¹.
977 3175 1064 3241 Ιιιιοὶο,
1077 3170 1139 3228 To.
1158 3218 1190 3227 ..
1208 3177 1314 3239 consule,

190 3244 243 3300 ΒΤ
256 3240 386 3305 (Robert.)
408 3284 440 3292 ..
464 3240 610 3303 Mutinense,
622 3244 654 3293 Β.
674 3283 706 3292 ..
727 3243 826 3308 crepito,
838 3243 872 3294 A.
890 3284 923 3294 -
947 3245 1054 3309 adsultu,
1070 3247 1122 3296 Βῑ.
1145 3285 1178 3295 ..
1201 3243 1314 3295 reciden-

190 3321 280 3375 tesque,
296 3312 346 3362 R¹.
365 3352 397 3361 -
416 3310 518 3372 interea,
530 3327 543 3360 r
554 3307 685 3373 (Robert.)
703 3351 736 3361 ..
753 3327 886 3374 usonemr
902 3309 1031 3376 (Robert)
1050 3354 1082 3364 ..
1101 3329 1183 3375 cursa,
1200 3315 1242 3363 dt
1259 3329 1314 3362 con·

190 3394 288 3441 carsae,
304 3379 336 3429 Β
356 3421 387 3429 ..
406 3377 514 3429 animali
529 3395 556 3429 eo
572 3393 699 3442 concursu,
715 3380 749 3431 A.
769 3420 801 3430 ..
812 3381 920 3445 fitemnt,
936 3383 1041 3432 Robert.
1059 3421 1092 3432 ..
1114 3382 1173 3442 seio,
1189 3381 1313 3431 R2Aau.

190 3447 274 3511 iustis,
286 3449 311 3499 R
320 3449 336 3497 ¹.
354 3489 387 3498 ..
405 3446 456 3513 ipsi
466 3456 555 3510 terrae,
567 3443 596 3510 β.
615 3489 647 3496 ..
666 3446 761 3510 civilia,
776 3447 901 3500 R¹Aad.
923 3447 1002 3512 civile,
1013 3451 1117 3501 Robert.
1140 3446 1207 3499 bella
1219 3448 1313 3510 civilia,

190 3508 270 3568 R29.
290 3557 321 3567 ..
339 3516 467 3577 intercede,
482 3519 528 3566 3¹.
552 3557 580 3565 -
599 3515 698 3581 publiea
713 3515 764 3579 uia,
776 3517 875 3567 RAad
892 3513 1021 3581 (Robert.)
1043 3516 1087 3567 via
1095 3517 1205 3582 publicu,
1216 3512 1267 3581 βγ.
1281 3556 1314 3566 ...

191 3585 265 3646 sedis,
280 3585 315 3634 A.
334 3624 367 3634 ..
386 3583 664 3648 praesusumens.
684 3582 825 3648 praesidis,
836 3585 916 3635 R²a¹
934 3581 1027 3648 (Rob.)
1046 3626 1079 3634 ..
1103 3583 1179 3647 Verri,
1191 3585 1223 3635 Β.
1249 3583 1314 3645 Veri,

190 3653 224 3703 A.
249 3651 335 3714 Varii,
346 3647 439 3716 adfir.
470 3650 561 3712 Verrii,
572 3651 678 3701 Robert.
708 3650 820 3713 Victorii,
837 3652 947 3716 suspicio
963 3654 1053 3705 Heius.
1065 3655 1122 3704 adv.
1133 3669 1159 3718 p.
1172 3654 1229 3702 487.
1252 3651 1313 3702 Vid.

193 3724 232 3781 17,
246 3726 303 3771 245.
323 3761 354 3769 ..
373 3734 386 3768 e
404 3718 537 3779 uites,R¹.
998 3741 1002 3744 >

224 3790 239 3853 §
253 3795 310 3839 200.
328 3805 359 3838 ac
372 3736 460 3850 salros,
472 3788 504 3837 Β.
528 3793 572 3837 aut
584 3793 673 3847 terrae,
684 3787 719 3836 K.
741 3796 789 3849 aut,
800 3783 901 3850 Aadss.
921 3829 952 3838 ..
970 3790 1113 3851 residentes,
1125 3789 1175 3839 R¹.
1198 3785 1314 3849 sidentis,

109 3882 111 3886 ·
190 3857 224 3905 K.
242 3897 275 3906 ..
297 3855 455 3918 Puerum
475 3895 506 3904 ..
521 3853 696 3919 principatum,
707 3857 739 3906 Β.
758 3895 790 3904 -
808 3856 933 3918 mnas.
953 3854 1124 3922 atque‚Rssr.
1146 3857 1192 3908 Uti
1204 3873 1235 3906 ac
1246 3859 1315 3919 apud

190 3924 305 3974 Plinium
321 3940 375 3974 non
390 3939 448 3974 raro
465 3937 592 3973 consonae
609 3940 622 3972 c
636 3924 804 3986 praemissum
819 3925 918 3975 videtur
930 3925 992 3988 (vid.
1004 3927 1038 3976 ad
1049 3932 1091 3986 33,
1109 3922 1172 3987 24.),
1189 3925 1225 3974 ita
1237 3925 1315 3974 etiam

191 3990 282 4042 litteris
295 4009 327 4055 qu
337 3992 466 4056 praemitti
477 3991 570 4056 potuit.
591 3990 651 4041 Vid.
665 3998 706 4053 20,
719 3998 760 4043 88.
778 3998 820 4053 33,
832 3998 873 4043 29.
892 4033 925 4042 -
948 4000 1132 4055 trasumenaam,
1144 3994 1169 4043 Β
1181 3990 1220 4054 (in
1236 3989 1314 4054 corr.)

191 4057 398 4123 thrasyminenam,
413 4061 448 4111 A.
468 4100 499 4110 -
518 4074 603 4123 neque,
619 4060 702 4109 RAa.
727 4075 779 4121 nec,
795 4063 819 4110 d.
838 4101 870 4110 -
888 4069 984 4122 tantam,
996 4062 1021 4112 Β
1033 4057 1080 4123 (ex
1096 4058 1174 4124 corr.)
1193 4101 1226 4110 -
1240 4075 1314 4125 pars,

191 4125 216 4174 Β
226 4127 242 4174 ¹.
262 4165 293 4174 ..
311 4136 407 4188 onemo,
419 4129 526 4180 RSTA
535 4119 652 4179 OKadr.
671 4135 793 4190 ostentum,
804 4127 908 4179 Robert.
920 4124 949 4190 β.
967 4169 1000 4178 -
1010 4129 1112 4194 sutura,
1123 4129 1148 4179 Β
1156 4131 1173 4180 ¹.

225 4191 311 4254 Mol.
329 4193 497 4258 attollendum,
509 4212 532 4246 a.
550 4235 584 4246 ..
598 4204 690 4260 potens,
701 4197 772 4247 R²a
791 4211 895 4261 ponens,
910 4198 935 4247 Β
945 4198 999 4247 ¹a¹.
1018 4204 1107 4262 potest,
1123 4197 1197 4249 Aa².
1216 4235 1249 4246 ..
1270 4211 1315 4246 va-

193 4257 231 4324 let,
243 4275 263 4310 r.
283 4301 314 4311 ..
336 4263 436 4325 inrecto,
447 4264 480 4314 Β.
499 4304 530 4314 ..
555 4263 684 4325 conrasas,
700 4264 731 4314 Τ.
750 4303 781 4313 -
804 4265 938 4328 maiorque,
955 4264 1049 4316 Sabell.
1066 4265 1173 4317 asad.
1195 4262 1314 4327 miroque,
