2888 4794
512 154 535 187 ψ,

189 266 250 332 lto
536 281 740 330 manuarias
763 280 957 330 merosus

187 432 315 503 Galliae
336 435 520 521 proconsuli
543 434 641 500 Indos
663 459 682 499 a
704 457 782 522 rege
804 432 983 500 Suevorum
1004 433 1089 497 dono
1110 434 1217 515 datos,
1248 439 1308 521 qui

187 562 228 605 ex
251 536 342 604 India
365 538 524 603 connreroi
545 559 642 602 causa
664 537 853 625 navigantes
876 536 1120 620 tempestatibus
1143 549 1250 601 esseut
1271 539 1306 601 in

188 640 395 706 Germaniam
422 639 557 724 abrepti.
596 636 651 704 Sic
674 638 774 703 maria
796 637 989 703 circumfusa
1011 638 1152 720 undique
1174 638 1306 703 dividuo

185 741 282 831 globo
304 752 429 827 purtem
456 741 542 806 orbis
563 740 716 808 auferunt
735 740 842 816 nobis,
870 761 931 803 nee
956 739 1031 803 inde
1057 739 1121 804 huc
1146 762 1206 804 nee
1231 740 1307 805 hine

186 843 240 909 illo
261 842 373 929 pervio
393 853 506 908 tractu.
539 839 633 921 Quae
654 839 879 924 contemplatio
900 850 976 925 apta
997 840 1196 927 detegendae
1218 863 1305 906 mor-

187 944 298 1011 taiium
326 944 458 1010 vanitati
484 965 617 1028 poscere
643 941 771 1006 videtur
796 951 832 1004 ut
860 951 962 1006 totum
983 941 1044 1007 hoc
1065 942 1221 1026 quidquid
1244 955 1304 1022 est,

187 1046 219 1113 in
242 1069 307 1131 quo
328 1044 463 1133 singulis
484 1042 563 1110 nihil
584 1043 662 1107 satis
681 1055 824 1120 est‚·ceu
840 1043 1020 1110 subiectum
1033 1044 1135 1109 oculis
1150 1057 1306 1127 quantum

186 1149 229 1215 sit
249 1146 427 1211 ostendum.

228 1234 392 1313 LXVIII.
429 1246 480 1310 68.
510 1244 580 1308 Iam
601 1245 741 1328 primum
762 1245 796 1309 in
823 1246 955 1311 dimidio
976 1250 1143 1332 conputari
1165 1249 1304 1328 videtur,
1323 1268 1369 1315 171

187 1361 350 1431 tamquam
377 1347 465 1412 nulla
491 1346 597 1430 portio
623 1346 686 1430 ipsi
712 1346 879 1412 decidatur
907 1371 1044 1427 oceano,
1075 1351 1130 1433 qui
1153 1361 1219 1416 toto
1241 1350 1304 1416 oir-

185 1448 355 1517 oumdatus
375 1447 481 1512 medio
504 1459 536 1511 et
557 1447 659 1511 omnis
676 1458 798 1513 ceteras
812 1449 952 1514 fundens
966 1450 1189 1536 recipiensque
1203 1475 1306 1536 aquae

187 1561 222 1617 et
242 1548 399 1632 quidquid
421 1547 489 1612 exit
509 1547 543 1610 in
564 1548 673 1627 nubis,
696 1572 735 1614 uc
757 1549 863 1615 sidera
883 1551 956 1634 ipsa
976 1563 1024 1616 tot
1044 1575 1083 1617 ac
1105 1564 1212 1618 tantae
1233 1577 1304 1619 ma

186 1649 364 1739 gnitudinis
386 1670 536 1734 pascens,
563 1671 628 1734 quo
648 1650 777 1716 tandem
793 1651 1012 1738 amplitudinis
1031 1654 1135 1738 spatio
1154 1655 1304 1720 credetur

186 1750 350 1817 habitare?
386 1749 527 1835 Inproba
552 1763 585 1817 et
609 1751 733 1815 infinita
759 1752 858 1818 debet
884 1776 956 1818 esse
983 1763 1048 1818 tam
1075 1766 1185 1821 veatae
1211 1756 1304 1825 molis

187 1851 358 1938 possessim
388 1850 486 1916 Adde
508 1852 595 1935 quod
616 1876 657 1917 ex
677 1853 789 1919 relicto
811 1855 885 1940 plus
906 1855 1039 1919 abstulit
1060 1857 1200 1935 oaclum3
1229 1878 1305 1921 nam
1321 1876 1370 1923 172

187 1976 262 2018 cum
283 1953 348 2018 sint
368 1953 438 2018 eiua
459 1953 601 2037 quinque
622 1965 729 2040 partes
751 1976 832 2038 quas
854 1967 969 2020 vocant
992 1979 1101 2035 zonas,
1123 1957 1241 2024 infesto
1259 1958 1304 2024 ri·

187 2075 266 2142 gore
281 2063 313 2118 et
334 2064 464 2118 aeterno
485 2055 560 2141 gelu
583 2056 739 2139 premitur
759 2079 852 2121 omne
874 2056 1032 2141 quidquid
1054 2073 1103 2123 est
1124 2059 1304 2124 subiectum

185 2154 312 2219 duabus
335 2156 484 2220 extremis
508 2156 668 2240 utrimque
694 2158 779 2222 circa
797 2157 950 2235 vertices,
978 2157 1064 2224 hume
1084 2161 1141 2244 qui
1162 2161 1303 2225 trionum

183 2266 311 2341 septem
326 2267 458 2320 vocatur
470 2278 609 2339 eumque
624 2258 679 2342 qui
694 2258 847 2322 adrerws
867 2259 914 2324 illi
934 2260 1098 2326 austrinus
1112 2262 1302 2347 appellatur.
1362 2284 1365 2288 ’

186 2355 350 2442 Perpetua
374 2359 479 2444 caiigo
503 2358 674 2444 utrobique
696 2370 728 2424 et
753 2360 856 2425 alieno
881 2361 1061 2426 molliorum
1071 2363 1225 2427 ..siderum
1245 2363 1303 2426 ad·

186 2469 303 2543 spectu
323 2459 464 2547 maligna
485 2482 524 2524 aa
548 2460 665 2544 pruina
686 2470 810 2525 tantum
831 2461 972 2526 albicans
993 2464 1060 2528 lux.
1094 2462 1207 2528 Media
1227 2485 1305 2528 vero

189 2569 361 2639 terrarum,
390 2583 455 2644 qua
482 2559 558 2626 solis
584 2561 688 2627 orbita
715 2571 780 2640 est,
809 2575 924 2629 exusta
948 2563 1085 2628 flammis
1108 2576 1141 2629 et
1166 2573 1307 2632 cremata

189 2663 357 2730 conminus
377 2683 495 2749 vapore
516 2672 685 2730 torrentum
713 2661 809 2729 Circa
823 2665 905 2730 duae
921 2675 1045 2730 tautum
1063 2667 1146 2732 inter
1160 2677 1307 2734 exustum

222 2840 342 2910 leqe,R¹.
362 2884 392 2892 -
411 2836 550 2904 Sueborum,
567 2843 599 2893 R.
622 2839 763 2904 Raetorum,
780 2845 856 2892 Voss.
874 2842 1048 2892 adMelaml.
1065 2842 1083 2890 1.
1108 2883 1139 2890 -
1161 2839 1306 2902 Gomoario,

188 2914 212 2960 d.
237 2950 268 2959 ...
291 2912 463 2972 circumstuta,
477 2912 521 2960 RK
542 2951 572 2958 -
596 2911 666 2972 ertia,
682 2912 727 2959 R'.
751 2950 782 2958 ..
807 2925 881 2974 meque
899 2907 965 2970 inde,
983 2912 1006 2958 d.
1032 2949 1063 2958 ..
1086 2907 1185 2970 11⁰th
1210 2949 1240 2957 ..
1264 2923 1307 2957 nec

188 2978 252 3038 diac,
263 2978 296 3027 R.
315 2993 391 3041 aeque
403 2975 464 3038 diae,
476 2979 533 3027 a²d.
552 2991 638 3040 aeque,
654 2979 680 3026 a¹
695 2975 824 3040 (Robert.)
841 3017 873 3026 ..
892 2975 941 3038 itte,
953 2979 983 3028 Β.
1004 3016 1035 3024 ..
1052 2974 1153 3040 peruia,
1166 2974 1307 3041 mauram,

187 3059 212 3094 σ,
232 3085 263 3092 ..
281 3052 372 3106 tracto,
384 3045 429 3094 R¹.
450 3084 478 3092 -
498 3053 561 3107 apte,
578 3044 623 3093 Iu.
642 3084 673 3092 -
692 3041 817 3111 deteqeate,
830 3047 883 3094 Rc.
903 3085 931 3093 ..
953 3044 1072 3105 vastitate,
1084 3044 1115 3093 R.
1138 3082 1165 3092 ..
1185 3044 1306 3104 mltat.

188 3111 573 3174 iu‚Robert.-quicquid,1t.
593 3150 624 3159 ..
643 3114 791 3173 multuo.
809 3112 955 3174 certique
986 3128 991 3134 ·
1069 3154 1072 3158 .

222 3176 238 3237 ἓ
253 3181 308 3227 171.
326 3179 353 3227 r‘u
365 3175 465 3228 dimidio
476 3179 616 3242 computari,
632 3180 718 3230 Rath
746 3177 806 3228 inde
821 3178 882 3230 mitt
891 3179 1022 3244 disputari,
1039 3179 1101 3230 Sd2.
1119 3178 1176 3228 inde
1187 3178 1245 3228 milri
1255 3174 1307 3225 aa.

187 3244 329 3308 putandum,
350 3260 369 3294 r.
391 3282 419 3293 ..
439 3254 556 3308 tauquam
575 3246 643 3296 natta
660 3248 749 3312 portio,
768 3248 844 3299 aaa.
871 3264 925 3297 eum
943 3247 1108 3311 amputa,
1120 3246 1164 3297 Sr.
1185 3259 1308 3306 quaenam

189 3311 255 3361 uuas
264 3312 354 3375 parm,
365 3313 433 3363 Piut.
452 3353 483 3362 -
502 3311 636 3376 tutamur,
647 3317 679 3365 R.
691 3315 800 3375 decidat,
812 3315 879 3365 Tad
891 3310 1022 3377 (Robert.)
1042 3310 1150 3373 decedat,
1160 3313 1227 3361 Pina
1239 3327 1260 3359 r.
1274 3350 1306 3358 .-

190 3384 247 3439 mro,
257 3380 302 3428 ‘uti
317 3381 432 3444 Propert.
449 3380 498 3430 111.
518 3386 557 3437 11,
576 3384 616 3432 57.
639 3422 663 3430 -
686 3381 863 3442 circumdatur,
879 3383 911 3432 R.
931 3423 962 3431 -
981 3380 1066 3442 ommis,
1082 3383 1113 3432 R
1131 3416 1164 3428 .-
1180 3386 1211 3438 et,
1223 3378 1307 3428 omitt.

190 3448 224 3497 R'
239 3443 368 3511 (Robert.)
388 3487 416 3496 -
437 3447 562 3512 quiequid,
573 3450 605 3501 R.
624 3489 655 3499 ..
674 3449 729 3512 hac,
740 3452 772 3501 R
790 3457 843 3510 aut,
856 3452 918 3499 aur
926 3447 1057 3512 (Robert)
1076 3488 1107 3498 ..
1126 3454 1160 3496 tot
1171 3462 1202 3496 ae
1212 3451 1306 3505 mutae,

190 3532 212 3564 a
231 3524 280 3564 tota
291 3525 381 3576 tantae,
393 3519 409 3565 d
421 3513 550 3579 (Robert.)
568 3525 622 3566 tota
633 3520 719 3582 darete,
731 3519 762 3568 R„
780 3525 815 3565 tot
826 3527 850 3566 et
860 3526 948 3579 tautae,
959 3512 981 3579 β
986 3532 1011 3581 γ.
1037 3557 1068 3565 ..
1089 3529 1192 3580 parcens
1208 3552 1239 3561 ..
1257 3529 1308 3563 am-

188 3580 329 3648 plitudinis,
341 3586 365 3633 d.
379 3584 467 3634 Omitt.
479 3587 524 3634 Ra
535 3580 666 3647 (Robora.)
685 3624 716 3633 -
735 3585 882 3645 crederetur,
894 3586 926 3634 R.
947 3624 977 3632 -
996 3594 1025 3646 et,
1037 3600 1087 3633 om.
1100 3585 1130 3634 R.

225 3647 600 3715 §1⁷2.Atde‚a²(1tobert)
621 3650 683 3717 Ape,
698 3653 817 3702 uuam.
842 3693 874 3700 ..
897 3650 982 3701 relicto
999 3651 1201 3717 altumaltum
1221 3686 1252 3696 -
1271 3647 1309 3695 in-

182 3718 263 3780 serto,
275 3718 320 3768 R¹.
341 3757 368 3766 -
389 3727 494 3780 aeterne,
507 3720 591 3768 R¹e¹.
611 3758 642 3768 ..
657 3718 775 3784 premitur
789 3716 853 3782 qelu,
868 3735 893 3768 a.
919 3760 949 3768 -
971 3719 1138 3784 super-iactam,
1153 3717 1186 3768 R.
1206 3755 1237 3764 ..
1254 3731 1309 3764 uer-

191 3783 267 3845 tieem,
287 3786 332 3837 ΕΙ.
352 3826 383 3834 ..
402 3784 472 3847 hunc,
492 3801 543 3838 0111.
563 3787 594 3834 Τ.
615 3826 645 3834 ..
664 3786 766 3835 uiarum
787 3795 883 3849 septem,
904 3787 1008 3837 RTdo.
1030 3785 1175 3850 septemtrio,
1187 3779 1258 3846 2197·
1278 3822 1309 3830 -

191 3860 266 3916 atque
279 3854 359 3902 utrobi
404 3855 467 3913 ,R².
484 3890 510 3901 -
530 3851 677 3918 adapertum
688 3853 782 3916 aliqua,
794 3843 826 3902 R
840 3893 871 3902 ..
890 3851 948 3903 Lux
960 3853 1043 3904 media
1053 3869 1117 3912 vero,
1129 3855 1165 3901 a'2.
1183 3849 1241 3900 Luc
1253 3866 1310 3899 vero

192 3918 281 3982 media,
292 3921 344 3970 ΒΤ
377 3921 438 3969 a¹d.
458 3961 488 3968 ..
509 3920 624 3983 qua,R².
643 3935 696 3984 que,
708 3922 823 3971 R¹Tdru
843 3935 915 3982 quae,
934 3936 956 3969 a.
977 3961 1007 3968 -
1030 3928 1115 3981 exuta,
1127 3917 1176 3970 R¹.
1195 3959 1226 3967 -
1248 3934 1311 3966 com-

192 3985 280 4047 minus,
292 3989 337 4036 ad.
358 4027 388 4036 ..
407 3990 580 4048 mrreutur,R
592 3995 708 4049 torretur,
720 3984 811 4051 adssr.
831 4028 862 4036 ..
884 3985 959 4038 Circa
971 4002 1050 4051 quam,
1062 3987 1167 4036 Robert
1187 4025 1219 4034 ..
1237 3985 1310 4044 duae,

192 4065 244 4100 om.
257 4055 293 4102 ut
311 4053 367 4113 duo,
378 4054 481 4104 Robert.
501 4094 531 4102 -
551 4062 657 4115 axutam,
669 4056 714 4104 R'.
729 4096 759 4104 ..
774 4055 913 4119 plaqaeque
924 4064 1093 4119 temperantur,
1105 4055 1153 4105 R2.
1168 4092 1199 4102 .-
1211 4051 1311 4112 rideris,

192 4118 241 4168 R2.
260 4117 375 4182 siderum,
387 4123 412 4172 R
421 4117 597 4186 'Tfiadram
617 4162 648 4170 ..
666 4131 746 4172 tarrae
758 4132 815 4183 tres,
828 4140 850 4172 a.
870 4129 952 4172 terrae
963 4130 1034 4184 atres,
1046 4124 1078 4172 R.
1097 4128 1249 4180 tremorum,
1261 4121 1285 4168 d.

227 4184 312 4244 §lta
339 4187 991 4252 amR.-tiumm,1t².utxmm,r(uobera)
1019 4229 1050 4238 ..
1077 4191 1151 4250 mmor,
1172 4191 1216 4238 Iu.
1236 4226 1267 4234 ..
1287 4195 1314 4234 ut

193 4262 296 4316 eentum,
317 4256 405 4305 R²ad
423 4255 535 4318 euenum,
546 4257 591 4308 tu.
611 4295 642 4306 ..
656 4273 779 4321 passuum
799 4265 891 4309 tantum
909 4255 1041 4320 Areum,
1056 4257 1090 4308 K.
1109 4297 1141 4306 -
1159 4253 1202 4316 ad,
1215 4254 1259 4304 lu.
1279 4292 1310 4301 .-
