2888 4794
1069 212 1098 265 e

191 304 252 368 288
541 278 745 370 usrunms
767 321 963 370 mesonma

189 473 254 550 nia,
276 470 449 538 Arethusa.
472 470 513 537 In
533 494 589 537 ora
610 495 722 538 rursus
743 472 911 538 Posidium
934 483 967 538 et
988 472 1077 536 sinus
1098 493 1172 537 cum
1193 471 1318 558 oppido

191 571 355 652 Cermoro,
377 571 583 661 Amphipolis
604 573 752 653 liberum,
775 596 855 661 gens
877 574 1028 640 Bisaltae.
1054 573 1142 639 Dein
1155 572 1316 639 Macedo·

188 675 261 740 niae
284 675 438 741 terminus
460 675 563 740 amnis
582 672 716 760 Strymo
737 686 826 740 ortus
848 676 882 739 in
904 674 1049 754 Haemo;
1071 675 1317 740 memorandum

189 776 225 842 in
252 801 300 842 vn
327 777 416 842 lacus
447 800 523 843 eum
554 776 648 842 fundi
676 777 863 862 priusquam
895 776 1013 863 dirigat
1044 799 1183 842 cursum.
1219 777 1317 843 Haec
1330 795 1363 840 ss

190 890 240 945 est
252 877 455 957 Macedonia,
472 890 631 943 terrarum
643 878 768 963 inperio
782 877 886 964 potita
899 878 1072 963 quondam,
1092 877 1172 943 haec
1185 877 1314 958 Asiam,

188 979 394 1059 Armeniam,
416 979 572 1058 Iberiam,
594 979 778 1058 Albaniam,
803 976 1055 1065 Cappadociam,
1078 977 1219 1064 Syriam,
1242 980 1314 1045 Ae·

138 1083 141 1089 ’
187 1093 343 1170 gyptum,
370 1080 527 1158 Taurum,
557 1078 739 1146 Caucasum
765 1093 979 1168 transgressa,
1006 1080 1086 1148 haec
1113 1083 1147 1147 in
1172 1081 1314 1160 Bactris,

187 1183 315 1261 Medis,
345 1183 455 1247 Persis
483 1182 646 1248 dominata
672 1193 738 1248 toto
764 1183 886 1249 oriente
912 1207 1079 1270 possesso,
1107 1185 1188 1250 haec
1214 1185 1314 1249 etiam

187 1283 300 1349 Indiae
320 1284 438 1348 victrix
459 1306 519 1369 per
540 1283 677 1371 vestigia
697 1282 810 1350 Liberi
832 1282 940 1349 Patris
962 1296 1059 1370 atque
1079 1284 1232 1350 Herculis
1253 1309 1313 1351 va·

187 1396 281 1472 gata,
313 1384 394 1451 hacc
426 1384 539 1449 eadem
572 1395 622 1449 est
647 1383 856 1463 Macedonia,
890 1386 981 1450 euius
1012 1408 1076 1451 uno
1108 1386 1161 1452 die
1188 1385 1313 1452 Paulus

187 1485 347 1550 Aemilius
378 1485 542 1571 inperator
573 1495 682 1550 noster
719 1509 809 1549 nxxn
841 1485 931 1551 urbis
969 1487 1114 1574 direptas
1153 1486 1312 1553 vendidit.

187 1586 325 1651 Tantam
349 1585 565 1652 differentiam
586 1586 682 1652 sortis
706 1585 897 1672 praestitere
921 1586 987 1653 duo
1010 1588 1167 1654 homines

228 1687 293 1753 XI.
337 1689 388 1753 18.
425 1687 565 1753 Thracia
601 1686 747 1773 sequitur
787 1687 874 1753 inter
916 1688 1129 1754 validissimas
1157 1688 1313 1776 Europae
1325 1709 1357 1754 40

191 1791 317 1880 gentis,
340 1791 375 1855 in
401 1789 572 1878 strategias
593 1812 612 1852 r.
634 1789 747 1854 divisa.
791 1788 991 1875 Populorum
1022 1790 1107 1869 eius,
1140 1812 1222 1875 quos
1249 1813 1310 1856 no·

188 1892 311 1958 minare
343 1914 409 1957 non
440 1891 567 1978 pigeat,
600 1912 728 1956 amnem
765 1887 972 1975 Strymonem
1005 1893 1158 1958 adcolunt
1194 1893 1311 1959 dextm

185 1994 285 2059 latere
306 1992 502 2058 Denseletae
528 2000 562 2057 et
586 1989 679 2057 Medi
704 1990 747 2055 ad
773 1989 913 2057 Bisaltas
939 2014 1043 2077 usque
1070 2015 1168 2080 supra
1195 1992 1310 2073 dictos,

184 2095 276 2160 laevo
290 2093 423 2180 Digerri
436 2091 677 2177 Bessorumque
697 2091 800 2156 multa
820 2092 951 2157 nomina
968 2093 1010 2159 ad
1024 2092 1169 2160 Mestum
1183 2116 1312 2160 amnem

185 2194 250 2259 ima
275 2193 421 2280 Pangaei
452 2192 570 2257 montis
601 2191 796 2258 ambientem
822 2192 908 2258 inter
935 2191 1085 2274 Elethos,
1118 2194 1310 2276 Diobessos,

136 2329 144 2335 ν
187 2294 388 2374 Carbilesos,
410 2295 486 2360 inde
507 2293 646 2378 Brysas,
670 2290 832 2380 Sapaeos,
856 2293 1069 2362 Odomantes.
1106 2297 1311 2383 Odrysarum

112 2398 115 2403 ’
186 2417 267 2483 gens
289 2395 396 2460 fundit
408 2394 558 2461 Hebrum
571 2393 793 2460 adcolentibus
809 2390 985 2481 Cabyletis,
1008 2396 1195 2488 Pyrogeris,
1216 2398 1309 2462 Dru-
1383 2422 1386 2426 ¹

228 2605 365 2668 Arethusa,
381 2608 405 2655 (1.
427 2600 569 2665 Arbetasa,
585 2603 630 2654 1³².
652 2600 783 2663 Erbdasa,
800 2603 846 2653 Rt
867 2600 999 2671 Eretltysa,
1015 2606 1049 2656 A.
1072 2604 1205 2669 Erectisa,
1228 2600 1256 2658 θ.
1276 2649 1309 2658 -

186 2675 297 2736 eaerum,
314 2674 392 2735 RAd
408 2669 495 2735 (codd.
513 2667 616 2733 Galen.)
644 2668 736 2731 lebera,
751 2670 785 2721 K
808 2711 840 2721 ..
862 2668 994 2735 Bisaltae,
1010 2674 1086 2724 Aut
1109 2672 1260 2739 Bisaltlae,
1283 2691 1308 2725 a.

184 2741 341 2804 Bitaealtae,
358 2741 403 2792 13¹.
426 2738 484 2791 Rue
501 2736 577 2801 altae,
593 2740 618 2789 d.
637 2779 669 2789 ..
687 2735 840 2789 Macedonia
855 2746 885 2800 et,
902 2741 934 2790 R.
954 2781 986 2789 -
1009 2739 1113 2806 Strymo,
1129 2742 1164 2792 A.
1187 2741 1309 2808 ›Strymm

183 2806 284 2876 Russy.
304 2851 335 2859 -
353 2807 448 2860 Haemo
459 2803 794 2866 maemomemoraadumA.
817 2847 850 2856 ..
874 2804 938 2868 VII,
949 2807 1013 2858 BA.
1043 2807 1123 2870 VIII,
1136 2811 1189 2861 Td.
1211 2807 1309 2861 iacer-

184 2878 258 2928 er'aem
270 2878 357 2937 laeam
369 2877 447 2927 Kulb.
460 2890 494 2926 ex
504 2877 575 2927 Mela
584 2877 621 2926 Π.
634 2881 658 2934 2,
671 2879 695 2923 9.
713 2914 745 2922 ..
764 2871 871 2941 deripat,
884 2875 918 2924 A.
927 2876 1013 2939 finiat,
1026 2879 1136 2943 suspicio
1148 2878 1227 2929 Knlb.

219 2948 292 3010 §³9.
311 2943 454 3004 Hiberiam,
468 2943 505 2998 A.
524 2984 556 2992 -
576 2939 732 3002 causariam,
750 2955 774 2990 a.
793 2981 824 2990 ...
842 2938 934 3004 Betn's,
950 2944 982 2993 R.
1000 2985 1032 2994 -
1052 2941 1158 3008 Mediis,
1174 2945 1251 2996 RAt
1275 2986 1308 2996 -

184 3013 249 3074 inda,
260 3015 292 3062 R.
1000 3032 1003 3039 ·

218 3080 234 3140 ξ
247 3086 287 3130 40.
309 3077 427 3138 Tltracia,
437 3077 461 3126 d
483 3074 597 3137 Threcia,
605 3075 640 3125 A.
658 3076 689 3125 In
697 3074 723 3124 R
731 3083 770 3126 est
782 3074 875 3127 Tracta
886 3081 1019 3129 eseeunda
1030 3095 1121 3142 manu3
1134 3080 1217 3143 prima
1228 3095 1308 3130 erasa.

185 3187 217 3195 -
235 3146 364 3211 tratepias,
375 3144 408 3192 R.
426 3142 571 3206 stratapias,
584 3155 607 3190 a.
627 3181 659 3191 ..
677 3143 713 3192 ad
721 3140 847 3205 Bisaltas,
858 3143 885 3193 Α
895 3136 944 3196 91.
963 3147 994 3195 ab
1006 3145 1121 3209 dissitas,
1133 3149 1194 3198 BT.
1218 3144 1308 3199 Bisal-

185 3208 273 3273 taass.
301 3253 332 3261 ..
359 3225 436 3274 usque
453 3207 495 3271 ad,
507 3210 542 3260 A.
569 3249 601 3259 ..
626 3207 739 3274 Diqerri,
756 3211 841 3260 RAd.
867 3212 966 3279 Diperi,
978 3209 1030 3279 βγ.
1057 3255 1089 3264 ..
1115 3215 1255 3276 mata,Bd.
1275 3257 1307 3266 -

184 3277 300 3337 Mestum,
317 3281 340 3329 T
360 3274 444 3340 (codd.
461 3277 569 3328 Salmus.
588 3291 669 3326 exere.
687 3291 712 3341 p.
731 3283 787 3327 112.
803 3280 827 3329 b.
845 3277 893 3342 A.)
920 3279 1055 3345 Maestum,
1070 3283 1133 3333 ΒΑ.
1160 3282 1272 3344 Nestum,
1291 3285 1309 3332 d

183 3344 270 3410 (codd.
286 3343 404 3408 Barbar.)
420 3340 470 3410 βγ.
496 3345 555 3395 Ἦὰ.
572 3345 690 3395 Holsten.
708 3347 741 3395 ad
756 3346 845 3410 Steph.
862 3349 925 3412 Bya.
940 3365 966 3413 p.
983 3356 1041 3399 225.
1069 3391 1101 3399 -
1128 3350 1178 3400 ima
1193 3349 1311 3417 Panyaea'

183 3415 277 3475 montis,
289 3414 357 3464 R²A
365 3407 393 3462 θ.
413 3413 437 3462 oi
443 3412 514 3478 pepei
523 3421 625 3474 montes,
636 3415 702 3464 R'd.
724 3412 825 3479 Orpipei
835 3416 929 3475 inentis,
937 3417 972 3474 ΔΤ.
990 3417 1090 3482 Panyei
1102 3417 1208 3483 Orpeim
1220 3417 1308 3467 montis

183 3482 240 3545 ima,
258 3485 331 3533 codd.
347 3483 461 3533 Barbari.
483 3480 597 3546 Paaqaei
611 3482 698 3531 montes
714 3480 772 3544 ima,
788 3477 838 3548 βγ.
861 3485 904 3533 Ex
918 3485 964 3534 illo
984 3485 1089 3550 Orpeiae
1103 3486 1166 3537 iacit
1180 3487 1308 3536 Barbarus

185 3549 304 3612 erastum,
317 3552 386 3612 quod
398 3551 425 3598 in
435 3550 461 3599 K
473 3557 572 3600 exstare
584 3550 644 3598 dicit
654 3549 743 3599 Dulce.
763 3591 795 3598 ..
812 3551 922 3613 Haletos,
934 3555 978 3602 (1σ.
996 3551 1110 3614 Halesus,
1122 3553 1184 3603 ΒΑ.
1202 3551 1308 3614 Esaeae,

182 3618 261 3668 Hurd.
275 3659 306 3666 ..
323 3615 479 3677 Diobsessos,
490 3617 523 3666 R.
536 3657 565 3665 -
582 3613 739 3681 Oarbylesos,
750 3618 785 3668 A.
799 3659 830 3667 ..
848 3616 959 3683 Brysas,
970 3622 1073 3671 Barbar.
1086 3625 1110 3671 d.
1128 3618 1231 3680 Brisas,
1242 3620 1308 3671 BA.

182 3682 378 3750 Brysos‚altera
388 3685 494 3734 Barbari
507 3685 658 3734 coniectura.
685 3681 796 3749 Brypas,
812 3685 893 3736 Hard.
921 3728 953 3735 ..
980 3685 1100 3752 Sapaeos,
1117 3690 1142 3737 d.
1170 3685 1308 3753 Saplaeos,

182 3751 215 3802 R.
234 3751 350 3816 Saepeos,
361 3751 396 3801 A.
415 3749 532 3816 Sapaeos,
545 3765 568 3800 a.
588 3791 618 3800 ..
640 3748 795 3814 Odomantes,
808 3755 844 3803 ita
855 3755 1014 3805 scribendum
1031 3770 1046 3804 e
1062 3756 1151 3819 Steph.
1167 3757 1230 3819 Byr.
1249 3772 1269 3805 s.
1281 3771 1307 3804 v.

181 3808 357 3880 ’Odoaa'urcot
382 3815 538 3881 Odomantes,
553 3814 603 3884 βγ.
630 3816 790 3882 adamanta,
810 3821 872 3872 ΒΑ.
899 3820 1056 3884 adclamantes,
1077 3826 1122 3872 da.
1153 3821 1308 3886 Odomontes,

183 3885 289 3937 Salmas.
301 3888 319 3936 l.
331 3887 349 3935 1.
362 3929 393 3936 -
415 3885 574 3952 Odrysarum,
585 3888 618 3937 R.
638 3886 862 3952 Ortltysamm'K.
876 3930 907 3938 -
919 3889 1013 3953 suadit,
1025 3890 1082 3940 ΒΑ
1091 3882 1171 3940 θΤᾱ.
1189 3887 1309 3954 traundis,

182 3949 211 4013 β.
234 3995 266 4004 ..
290 3951 511 4018 Cabyletisfflard.
536 3952 678 4015 Carbiletis,
689 3951 800 4016 usust.
824 3998 856 4005 ..
883 3955 1081 4022 Ρίνοραονὶε,11.
1103 3957 1309 4025 Pyrqocarisvel

185 4017 445 4086 Gereopyrpisfflard.
465 4063 496 4072 -
513 4021 679 4086 Drupetis,a.
702 4064 733 4072 ..
759 4021 879 4085 Caenicis,
891 4026 946 4076 ΒΑ
958 4023 1044 4088 (codd.
1055 4023 1183 4088 Barbari.)
1208 4022 1309 4085 casta,

183 4089 207 4136 d.
227 4085 337 4148 Omistis,
349 4103 373 4138 a.
393 4130 424 4139 ..
441 4088 585 4156 Hypsaltis,
597 4090 674 4140 RAd
686 4088 771 4153 (codd.
784 4091 910 4153 Barbari.)
927 4091 1042 4155 Bisaltia,
1054 4108 1078 4142 a.
1091 4134 1123 4143 ..
1144 4090 1260 4158 Capitis,
1271 4091 1307 4141 A.

72 4176 81 4193 s
186 4149 311 4218 Camillis,
324 4152 423 4221 Rdssy.
441 4159 501 4208 Vid.
518 4159 630 4208 Meinek.
643 4160 676 4208 ad
687 4158 776 4222 steph.
788 4161 850 4223 Byz.
863 4176 888 4224 p.
902 4163 961 4222 376,
975 4164 997 4211 ’1.
1016 4202 1048 4211 -
1066 4158 1188 4222 Botioeis,
1199 4161 1226 4211 A
1231 4155 1260 4220 β

218 4219 286 4283 541.
304 4221 430 4286 Syaletae,
442 4239 466 4274 a.
489 4224 610 4287 Sialetae,
627 4227 680 4275 To.
703 4225 821 4288 Staletae,
838 4228 902 4290 BA.
924 4229 963 4278 At
978 4243 1002 4278 v.
1018 4229 1128 4279 Ptolem.
1149 4242 1237 4291 geogr.
1257 4228 1307 4277 111.

186 4294 261 4353 11,s.
289 4328 320 4338 ..
346 4287 594 4353 Deliacaefflarbar.
620 4291 756 4357 Doloapae,
772 4294 803 4344 R.
830 4292 972 4362 Dolaaqae,
988 4297 1012 4346 d.
1038 4291 1161 4362 Dalaaqe,
1176 4295 1204 4346 A
1220 4293 1307 4357 (codd.
