2888 4794
599 320 788 365 PRAEFATIO.
1175 320 1255 362 XLIX

131 487 190 537 tem
202 480 306 538 vitales
319 479 445 536 marinos
458 475 643 552 provocavit3
659 470 770 547 ve132,
782 470 845 546 27,
861 474 912 533 ubi
925 472 968 531 Β1
983 475 1109 550 vestigia
1120 492 1209 534 verae
1225 481 1255 532 et

129 589 160 646 in
180 588 282 646 ceteris
301 587 435 646 omnihus
456 585 540 644 codd.
564 590 697 644 servatae
713 592 743 642 et
756 602 775 641 a
787 582 959 643 Dioscoride
973 584 1163 644 confirmatae
1178 585 1254 644 scri·

129 684 235 774 ptnree
243 698 376 775 friabilea
387 695 485 767 hebet,
498 711 566 753 cum
575 691 619 750 B²
628 694 724 771 inepte
736 693 884 770 scripserit
890 695 1032 771 fragiles,-
1046 693 1096 753 vel
1107 688 1252 768 32,128.,

129 808 180 865 ubi
194 825 261 866 eum
275 806 366 882 vulgo
379 811 459 864 recte
473 803 617 863 scribetur
631 804 835 880 defervefacta,
855 800 898 859 B¹
913 801 974 861 levi
986 818 1087 860 errore
1101 800 1189 860 habet
1202 805 1253 862 de·

123 921 298 995 ferrefaeta,
314 915 393 990 quod
406 933 460 991 per
473 911 516 970 B²
530 913 607 971 mele
622 908 668 970 'est
680 912 890 989 interpolatum
903 911 935 970 in
949 913 1078 988 deferre
1086 915 1187 989 snctn,·
1206 912 1254 972 vel

129 1021 186 1098 35,
202 1021 265 1097 38,
287 1025 413 1101 ubipro
429 1025 503 1083 oreis
517 1020 560 1079 B¹
580 1022 671 1080 habet
684 1024 777 1093 ereis,
798 1020 846 1079 Β2
861 1039 900 1078 ex
913 1020 1135 1098 interpolatione
1149 1023 1253 1082 arceis.
1302 1077 1306 1085 .

128 1135 170 1193 Et
187 1134 244 1192 hae
264 1133 382 1209 quidem
400 1132 561 1192 deteriores
582 1132 725 1190 lectiones
746 1150 851 1190 manus
866 1131 1011 1190 secundae
1025 1139 1107 1190 ortes
1121 1140 1205 1205 sunt,
1229 1131 1255 1191 si

129 1244 200 1320 quid
214 1244 367 1315 videm-ex
380 1241 486 1317 glossis
500 1243 714 1316 marginalibus
728 1241 773 1299 illi
788 1241 880 1301 codici
893 1240 1052 1320 archetypo
1065 1243 1126 1300 iem
1139 1241 1254 1300 adseri·

127 1348 198 1431 ptis,
209 1355 287 1413 unde
294 1352 520 1427 Bembergensis
534 1360 581 1410 est
590 1352 766 1429 descriptus,
779 1369 851 1426 ques
861 1351 1010 1424 librarius,
1021 1370 1058 1410 ne
1069 1351 1140 1427 quid
1150 1353 1253 1410 arche·

127 1463 190 1542 typi
207 1463 332 1542 periret,
355 1463 417 1521 sive
438 1462 530 1520 bonas
551 1462 614 1519 sive
633 1462 727 1519 malos
741 1461 865 1538 repetiit.
888 1461 968 1519 Hinc
980 1461 1069 1520 huius
1083 1480 1189 1521 manus
1204 1480 1253 1521 se·

128 1575 241 1632 eundae
255 1574 315 1632 duo
329 1560 440 1649 genera
454 1572 658 1645 discernenda,
680 1572 807 1630 alterum
822 1571 1056 1630 emendationum
1070 1590 1175 1631 monus
1188 1572 1251 1650 pri·

127 1701 193 1741 mae
208 1683 321 1742 mismo
334 1684 451 1759 lapsae,
474 1682 601 1741 alterum
615 1681 761 1739 malarum
774 1682 934 1740 lectionum
950 1688 981 1739 et
993 1681 1252 1759 interpolationum

127 1812 166 1851 ex
176 1794 308 1869 margine
315 1792 422 1851 codicis
433 1791 582 1868 archetypi
592 1790 878 1864 inBembergensem
889 1797 1153 1866 transgressorum,
1161 1809 1251 1867 quom
1295 1844 1302 1867 Ι

127 1921 225 1961 meam
245 1902 418 1960 sententiam
433 1919 452 1958 a
466 1918 539 1958 vero
552 1918 612 1957 non
626 1899 786 1957 abhorrere
799 1900 929 1975 inprimis
943 1899 1017 1956 illud
1031 1903 1066 1958 de
1073 1903 1252 1977 samsucio

127 2014 234 2070 docere
252 2011 385 2081 videtur,
404 2010 484 2084 quod
504 2008 651 2082 quomodo
670 2007 764 2083 ipsam
784 2007 890 2065 codicis
910 2009 1060 2086 archetypi
1075 2009 1251 2086 scripturam

127 2121 274 2195 exhibeat,
295 2139 382 2180 nemo
396 2119 622 2191 demonstrabit,
638 2137 704 2177 eum
720 2137 785 2177 eam
799 2117 897 2195 potius
911 2118 942 2176 in
956 2121 1144 2197 deferrefnctn
1157 2120 1252 2179 inesse

127 2235 166 2292 sit
185 2231 390 2291 certissimum.
416 2231 461 2293 Ut
478 2238 578 2289 temen
595 2229 722 2288 lectores
742 2228 829 2288 huius
850 2229 985 2288 editionis
999 2231 1146 2304 viderent,
1162 2249 1250 2306 quam

127 2351 281 2402 externam
303 2343 431 2420 speciem
450 2340 575 2417 utraque
596 2358 701 2400 manus
720 2339 752 2399 in
773 2340 870 2398 codice
890 2337 1106 2416 Bambergensi
1124 2360 1198 2420 pree
1218 2361 1250 2401 se

126 2451 226 2526 ferret,
240 2454 407 2530 exemplum
422 2454 484 2512 eius
498 2452 639 2531 proposui
652 2451 720 2511 huri
734 2449 904 2510 XXXVII.
921 2454 952 2522 ἐξ
967 2446 1157 2526 203-205.,
1173 2471 1249 2528 quae

125 2569 205 2621 totae
222 2564 261 2621 ad
278 2564 367 2623 fidem
385 2564 466 2621 illius
486 2571 557 2622 sunt
575 2579 742 2638 expressae.
762 2561 799 2619 In
817 2561 986 2620 universum
1000 2571 1099 2620 autem
1113 2563 1248 2623 eodexB

98 2683 112 2695 ‘
125 2673 248 2732 summis
263 2673 419 2732 virtutibus
434 2673 551 2742 eminet,
565 2671 727 2728 innumeris
741 2672 815 2727 locis
830 2677 883 2727 aut
896 2689 996 2729 veram
1011 2673 1184 2747 scripturam
1200 2691 1248 2732 so·

124 2782 172 2840 lus
186 2781 303 2841 exhibet
316 2793 369 2841 aut
381 2783 488 2840 leviter
502 2788 658 2855 corruptus
672 2778 813 2854 originem
828 2778 1010 2854 corruptelae
1021 2785 1187 2838 ceterorum
1199 2799 1247 2840 co·

76 2934 83 2940 0
124 2891 221 2950 dicum
241 2891 395 2966 patefecit,
415 2889 654 2965 interpolationes
673 2905 777 2946 eorum
796 2887 937 2960 ostendit,
957 2907 1051 2965 parva
1070 2888 1249 2966 glossemata

123 3018 163 3058 ex
187 2999 335 3076 asyndetis
360 2999 544 3074 potissimum
576 3015 636 3056 non
659 2997 814 3057 intellectis
843 3006 910 3056 orta
940 3006 1083 3059 removet.
1126 2997 1174 3059 Ne
1198 3009 1246 3059 te·

121 3127 191 3167 men
216 3126 301 3166 caeco
326 3108 510 3167 studiosum
532 3126 704 3183 sequemur,
729 3128 788 3167 non
811 3109 899 3166 modo
923 3108 1072 3184 ingentem
1091 3130 1246 3170 numerum

122 3238 256 3278 errorum
276 3237 331 3295 per
349 3219 558 3296 negligentium
577 3218 688 3278 h‘brarii
710 3227 848 3277 natorum
869 3218 972 3293 habet,
994 3240 1061 3279 curn
1082 3229 1112 3280 et
1130 3222 1246 3280 litterae

121 3329 200 3386 male
219 3330 400 3402 omittantur,
421 3331 465 3388 uti
486 3324 537 3402 35,
555 3325 627 3387 142.
646 3348 701 3405 pro
718 3333 748 3387 in
763 3340 824 3389 orte
838 3329 917 3387 mele
931 3329 961 3386 in
977 3348 1011 3387 eo
1027 3331 1163 3389 scribitur
1177 3335 1245 3405 inte,

122 3446 151 3495 et
164 3440 385 3499 terminationes
399 3458 504 3498 vocum
519 3447 639 3516 propter
653 3439 873 3497 similitudinem
887 3440 1006 3497 illarum
1018 3441 1244 3516 confundantur,

121 3546 166 3606 uti
180 3542 232 3621 35,
249 3545 320 3609 141.
342 3551 524 3608 Leontiscum
538 3547 661 3606 Aratum
680 3549 710 3606 in
732 3568 767 3607 eo
787 3549 895 3625 legitur
912 3568 966 3625 pro
980 3552 1151 3612 Leontiacna
1164 3552 1244 3611 Aro-

123 3666 190 3730 tum,
213 3659 419 3718 verumetiam
433 3658 590 3717 maioribus
607 3659 728 3718 subinde
742 3660 819 3718 vitiis
834 3659 959 3718 laborat.
988 3661 1067 3719 Nam
1087 3669 1118 3720 et
1135 3661 1244 3720 multas

123 3767 303 3843 corruptelas
317 3769 355 3827 ad
368 3769 505 3826 maiorem
521 3776 645 3827 aetatem
660 3770 825 3827 recedentes
840 3771 938 3841 habet,
954 3771 997 3827 uti
1012 3766 1064 3841 32,
1079 3765 1107 3828 5.
1122 3778 1245 3827 ventrem

121 3893 175 3950 pro
196 3877 329 3935 Venerem
350 3895 416 3935 cum
438 3879 566 3936 secunda
586 3878 710 3936 lectione
731 3880 895 3949 invenerim,
918 3873 970 3950 32,
993 3874 1042 3936 13.
1058 3878 1170 3953 pittine
1188 3896 1243 3954 pro

119 3985 259 4055 antliam,
274 3985 353 4059 quod
368 3986 422 4044 viri
436 3987 512 4044 docti
528 4004 564 4042 ex
579 3984 687 4044 Ovidio
702 3987 813 4044 dudum
828 3995 1033 4063 reposuerunt,
1056 3981 1108 4058 32,
1125 3981 1175 4046 63.
1190 4008 1243 4046 no·

120 4114 182 4153 men
208 4104 341 4154 creatura
365 4113 420 4171 pro
445 4090 663 4165 nomenclatore,
690 4090 743 4166 35,
765 4091 796 4153 4.
816 4097 1027 4171 fipurobnndns
1050 4100 1168 4158 erimine
1188 4120 1242 4177 pro

115 4207 279 4280 figurarum
294 4207 468 4277 discrimine,
488 4197 540 4277 35,
558 4199 628 4263 144.
645 4207 721 4266 illem
742 4224 805 4265 cnm
819 4223 874 4283 pro
888 4207 1019 4281 Iliacum,
1039 4215 1068 4267 et
1081 4210 1242 4287 glossema·

1012 4324 1038 4374 D
