2888 4794
189 308 268 352 XLVI
659 305 850 352 nannum.

188 479 307 525 omnem
322 461 363 520 de
374 461 497 520 veritate
517 460 728 520 dubitationem
747 460 921 538 ademptura
938 467 1027 520 esset.
1054 457 1136 521 Certi
1155 458 1226 521 vero
1246 463 1317 523 boni

185 571 232 632 illi
249 571 386 631 monachi
404 578 488 631 orant
513 571 566 631 vix
585 588 763 648 quemquam
784 571 865 630 locos
885 570 951 630 illos
970 589 991 630 a
1016 589 1049 630 se
1074 570 1211 631 laudatos
1236 575 1317 650 apud

184 681 283 760 ipsum
302 680 434 741 Plinium
452 682 657 759 quaesiturum
676 698 755 753 esse3
776 688 860 740 tanta
879 688 944 740 erat
963 681 1062 758 operis
1076 682 1249 754 auctoritas,
1270 691 1315 757 ut,

185 791 299 851 etiamsi
322 791 433 868 aliquid
458 791 491 849 in
515 809 551 850 ao
564 808 626 849 non
648 780 760 864 inerat,
781 790 879 850 inesse
903 780 1002 850 tamen
1021 798 1133 868 posset.
1164 791 1315 852 Fraudmr

183 918 255 960 roro
268 878 399 977 aliquam
413 901 530 961 doctam
543 901 604 960 illis
625 895 761 974 s‘aeculis,
782 907 820 958 ut
838 919 917 960 nuno
931 900 1050 974 scimus,
1071 921 1131 960 non
1144 902 1315 962 inusimtam

27 1018 33 1031 ·
54 1032 58 1039 ι
184 1004 237 1092 (ae
251 1008 376 1071 66666
397 1010 590 1088 neptensis
608 1010 687 1069 nem
708 1011 794 1069 6666
806 1009 982 1089 666666,
999 1010 1029 1070 n
1049 999 1128 1070 616.
1150 1012 1189 1071 ad
1209 1029 1314 1090 seoar·

184 1117 290 1180 Graec.
304 1121 376 1179 min.
391 1139 422 1198 p.
437 1116 503 1198 28.)
518 1121 677 1179 admissam
691 1119 782 1180 inisse
796 1121 886 1178 etism
899 1120 968 1179 inde
982 1119 1082 1196 colligi
1101 1130 1212 1198 potest,
1235 1124 1314 1199 qnod

86 1212 92 1225 ’
182 1247 346 1307 numquam
365 1229 431 1306 ipsa
443 1228 533 1289 Plinii
552 1229 643 1290 verba
660 1231 822 1290 afferuntur
840 1243 936 1306 noque
954 1229 1023 1289 lieri
1036 1247 1177 1290 numerus
1196 1231 1313 1292 disertis

183 1340 291 1403 verbis.
306 1317 473 1399 laudam*
489 1338 568 1400 Sunt
591 1349 689 1400 autem
714 1340 759 1398 illi
782 1311 968 1418 iraudatpres
994 1337 1173 1399 Scholimtes
1197 1338 1313 1400 Lucani

185 1443 316 1522 5,101.,
338 1449 547 1528 mythographi
567 1448 718 1523 Vaticani,
745 1450 871 1526 scriptor
890 1449 942 1524 qui
961 1449 1126 1526 composuit
1140 1447 1235 1509 Gesta
1248 1450 1313 1510 Ro·

181 1576 338 1618 manorum
354 1540 622 1639 (alimaniam
643 1559 739 1618 virum
750 1552 961 1618 ‘doctissimum
974 1557 1005 1616 in
1018 1540 1211 1618 translatione
1224 1559 1312 1618 nnius

125 1688 130 1697 ·
183 1668 281 1745 operis
295 1642 334 1728 Τ.
349 1669 391 1728 II.
408 1688 438 1747 p.
454 1664 526 1728 261.
542 1662 644 1749 262),
662 1662 855 1746 potissimum
864 1665 986 1728 Servius
1000 1667 1208 1745 interpolatus,
1223 1687 1312 1744 quern

42 1748 50 1761 ·
181 1785 299 1856 praeter
316 1779 398 1838 looos
418 1797 509 1856 supra
527 1778 663 1865 laudatos
683 1778 745 1838 vid.
764 1779 804 1838 ad
822 1777 927 1852 Eclog.
947 1773 982 1851 3,
1003 1775 1034 1838 8.
1066 1775 1178 1854 Georg.
1201 1774 1236 1852 1,
1258 1773 1311 1839 59.

181 1884 213 1962 2,
230 1882 301 1948 119.
318 1884 389 1949 152.
412 1883 446 1962 3,
459 1885 533 1949 422.
558 1887 638 1948 Aen.
655 1884 685 1961 1,
700 1883 773 1948 398.
798 1884 831 1959 4,
847 1883 920 1948 551.
942 1882 974 1959 8,
989 1883 1041 1947 33.
1057 1882 1130 1947 652.
1146 1882 1214 1968 (ubi
1227 1888 1311 1948 locus

180 1997 272 2058 Plinii
290 1998 333 2058 X.
355 1994 414 2071 22,
437 1993 487 2058 62.
514 2017 533 2058 6
556 1997 657 2058 Leone
682 1996 872 2073 Gottingensi
896 2016 1050 2074 perperam
1075 2006 1121 2057 est
1144 1992 1310 2079 nudatus),

181 2103 212 2180 9,
225 2103 298 2169 715.
320 2104 370 2182 10,
384 2105 457 2168 174.
474 2105 545 2169 184.
561 2106 635 2169 272.
656 2107 715 2167 His
729 2108 853 2184 denique
867 2108 979 2166 aceedit
991 2105 1105 2186 Eybus,
1120 2107 1172 2184 qui
1184 2107 1216 2166 in
1228 2126 1310 2167 mar-

180 2217 279 2292 garita
291 2216 334 2276 11.
350 2213 381 2289 1,
397 2213 448 2276 10.
459 2214 494 2276 4.
514 2217 586 2277 haec
605 2219 715 2276 verber
743 2215 870 2289 „Animi
884 2216 1059 2294 magnitudo
1070 2216 1143 2279 nihil
1155 2217 1195 2276 ad
1207 2223 1309 2276 oston-

180 2326 329 2401 tationem,
345 2327 444 2386 omnia
457 2347 529 2387 vero
542 2327 582 2386 ad
595 2326 799 2387 conscientiam
812 2325 904 2385 161611
915 2327 1046 2402 rectique
1060 2325 1131 2386 iacti
1144 2327 1308 2386 mercedem

180 2452 241 2496 non
265 2417 304 2495 err
326 2436 430 2514 populi
456 2454 601 2511 sermono,
626 2436 679 2496 sed
703 2453 741 2494 ex
764 2435 844 2495 lacto
867 2435 970 2513 petit,'’
993 2430 1144 2513 umquam
1166 2455 1188 2501 a
1208 2435 1307 2496 Plinio

180 2547 290 2624 scripta
302 2547 399 2606 affert.
623 2616 631 2632 .
1192 2614 1194 2621 y

221 2658 287 2717 Iam
301 2659 340 2718 ad
360 2657 480 2718 codices·
494 2665 529 2717 ut
548 2635 717 2731 redeamus,
739 2673 793 2733 per
810 2656 956 2733 ingentem
962 2664 1081 2714 ’eorum
1095 2673 1251 2718 numerum
1264 2655 1308 2715 in·
1402 2702 1408 2711 .

179 2776 296 2846 gentem
317 2769 407 2829 etiam
426 2768 661 2848 corruptelarum
682 2767 778 2827 omnis
796 2766 911 2844 generis
930 2783 1087 2824 numerum
1100 2766 1226 2843 inveniri
1239 2781 1306 2826 cum

180 2878 317 2957 singulae
334 2879 511 2956 paragraphi
525 2879 669 2938 naturalis
682 2860 822 2938 liiitoriae
843 2878 978 2947 doceant,
1000 2875 1079 2934 unde
1099 2852 1181 2935 ortae
1203 2875 1260 2935 sint
1277 2885 1312 2949 et

174 2996 324 3066 'quatenus
338 2988 433 3046 oratio
444 2987 534 3046 Plinii
546 2989 604 3046 illis
619 2987 742 3047 sublatis
757 2987 903 3045 emendari
917 2986 1022 3063 possit,
1037 2985 1128 3062 paulo
1141 2984 1320 3046 accuratius

178 3105 226 3159 est
238 3097 452 3175 exponendum.
480 3097 522 3157 Et
541 3097 592 3156 alii
612 3097 728 3174 quidem
748 3110 862 3156 errores
875 3090 974 3178 Plinio
993 3114 1062 3154 cum
1075 3095 1139 3154 aliis
1153 3095 1305 3171 scriptori·

178 3209 236 3266 bus
255 3213 326 3265 sunt
344 3224 523 3280 communes,
543 3207 586 3266 ita
602 3216 638 3267 ut
656 3207 706 3265 vel
719 3205 926 3266 usitatissimae
945 3223 1032 3266 voces
1046 3187 1157 3264 incuiia
1169 3204 1305 3262 librario·
1341 3283 1345 3291 Ι

178 3333 246 3375 rum
269 3323 535 3394 corrumperentur,
557 3317 602 3376 uti
621 3312 654 3389 4,
670 3312 720 3376 19.
741 3336 796 3394 pro
815 3327 901 3376 totam
918 3316 1036 3376 Atticen
1054 3314 1148 3374 codex
1164 3312 1196 3383 A
1216 3313 1306 3371 habet

179 3431 238 3485 tota
251 3429 380 3500 66611666,
396 3427 488 3487 codex
501 3426 531 3486 R
544 3424 576 3499 4,
589 3423 640 3488 93.
654 3431 762 3506 aptitus·
775 3445 830 3504 pro
843 3428 968 3498 circiter,
982 3427 1060 3484 idem
1074 3425 1168 3484 codex
1181 3419 1212 3497 4,
1230 3418 1303 3482 119.

88 3602 90 3615 Ι
178 3538 288 3608 6166166,
310 3536 443 3616 dautem
456 3541 552 3598 statim
566 3556 621 3615 pro
635 3540 770 3615 spatium,
790 3554 917 3612 quarum
932 3513 1169 3612 corruptelarum
1181 3552 1304 3593 causam

178 3646 338 3705 maximam
356 3664 421 3706 eam
440 3665 515 3720 esse,
536 3648 616 3724 quod
636 3665 737 3706 omnes
758 3663 833 3722 quos
852 3646 994 3727 habemus
1013 3645 1127 3705 codices
1145 3662 1186 3702 ex
1199 3643 1304 3702 archo·

177 3764 249 3835 typo
263 3756 363 3832 aliquo
377 3757 482 3817 litteris
496 3756 659 3817 uncialibus
673 3763 794 3817 exarato
808 3762 879 3814 sunt
891 3755 1071 3832 manscripti,
1091 3772 1160 3813 cnm
1174 3753 1304 3812 sexcenti
1379 3767 1381 3772 ·

178 3865 229 3924 alii
242 3865 299 3925 loci
312 3865 429 3938 docent,
450 3875 514 3925 tum
527 3872 644 3942 praeter
658 3883 719 3938 eos,
735 3882 809 3940 quos
823 3882 915 3941 supro
928 3866 966 3924 ad
980 3865 1114 3941 singulos
1128 3864 1214 3923 codd.
1228 3882 1303 3922 enu-

177 3974 302 4046 meravi,
316 3976 419 4035 nullus
433 3976 543 4034 clarius
558 3986 647 4050 quam
661 3969 693 4046 4,
709 3968 771 4046 57,
792 3974 844 4032 ubi
862 3993 929 4034 cum
948 3960 1041 4051 vulgo
1061 3973 1207 4033 6611161111
1227 3973 1304 4032 Sunt

178 4092 205 4142 et
225 4085 256 4140 in
276 4085 422 4158 Mcpcrtco
441 4088 507 4146 sinu
528 4077 682 4165 (insulae),
710 4101 811 4142 omnes
831 4084 916 4142 codd.
936 4083 1002 4143 loco
1023 4082 1302 4153 verbisubstantivi

185 4193 247 4255 VII
256 4176 375 4265 habent,
392 4211 448 4270 pro
462 4210 521 4271 quo
534 4194 565 4253 in
578 4211 646 4253 mea
658 4193 784 4254 66111666
796 4195 841 4252 att
853 4191 973 4269 legitur.
992 4192 1110 4252 Horum
1129 4210 1203 4252 nero
1220 4208 1302 4251 6116·
1365 4220 1369 4228 -
