2888 4794
171 297 278 340 XXVIII
484 359 488 365 .
641 292 831 337 ruarmo.

170 469 231 522 ras,
245 450 306 507 iam
319 449 349 506 in
363 447 543 524 praefatione
557 449 714 507 voluminis
725 448 767 506 V.
779 468 808 524 p.
820 445 911 505 XIX.
927 444 1061 505 editionis
1075 464 1160 504 meae
1174 447 1296 507 minoris

171 559 305 634 quemvis
325 557 540 616 intellecturum
559 577 626 618 esse
646 558 721 629 dixi,
742 575 832 632 quam
851 556 912 616 alto
932 557 1088 633 supercilio
1107 565 1137 614 et
1158 557 1246 631 quasi
1259 558 1297 616 de

170 669 287 746 tripode
306 669 362 728 hoc
382 669 420 726 eb
439 667 595 726 Harduino
616 668 656 726 sit
675 666 905 744 pronuntiatum,
927 666 974 725 cui
987 676 1140 742 praeterea
1153 685 1298 743 perquam

170 779 286 838 difficile
300 779 433 836 futurum
447 775 554 836 fnisset
567 785 636 854 apte
650 777 734 836 nobis
747 777 927 853 respondere
941 777 1161 852 quaerentibus,
1176 778 1298 851 quinam

169 889 286 949 tandem
307 888 417 947 fuerint
436 887 485 946 isti
505 888 612 946 eruditi
625 887 743 945 nomine
756 887 859 962 ignoti,
880 886 931 962 qui
949 893 1011 944 tam
1029 886 1179 961 ingentem
1198 887 1299 945 conie-

170 1006 323 1058 cturarum
337 1016 495 1058 numerum
520 1015 588 1056 cum
602 997 793 1073 Dalecampio
818 996 1084 1068 communicarent,
1109 997 1297 1059 ne.varbum

170 1110 287 1186 quidem
301 1109 338 1166 de
351 1107 519 1166 hominibus
533 1107 635 1179 doctis,
650 1125 724 1182 quos
739 1105 912 1165 Harduinus
935 1106 992 1165 sibi
1008 1105 1145 1178 finxerit,
1160 1106 1298 1165 addente.

172 1217 259 1292 Quod
269 1236 370 1276 meum
380 1217 518 1275 iudicium
529 1217 753 1293 posteaIanus
764 1217 796 1274 in
806 1217 916 1275 nuntiis
927 1215 1051 1274 litterar.
1072 1215 1300 1276 Monacensibus

171 1323 265 1389 1836.
288 1346 333 1384 nr.
355 1322 426 1386 164.
447 1346 477 1404 p.
498 1322 572 1386 267.
592 1346 652 1386 non
669 1327 765 1385 solum
779 1327 993 1402 comprobavit,
1009 1326 1062 1384 sed
1076 1327 1164 1384 etiam
1184 1326 1301 1400 aliquot

171 1455 317 1508 errorum,
340 1454 414 1510 quos
435 1436 466 1495 in
484 1437 745 1495 commemorandis
766 1437 826 1495 illis
846 1436 1020 1495 lectionibus
1038 1437 1070 1493 in
1090 1435 1214 1494 editione
1231 1454 1300 1511 maa

172 1546 285 1605 minore
300 1547 512 1618 commiseram,
527 1565 575 1604 me
589 1547 749 1605 admonuit.
771 1545 837 1605 Hac
856 1547 948 1621 igitur
968 1544 1092 1604 editione
1111 1545 1219 1603 maiore
1233 1562 1300 1604 sus·

174 1664 259 1734 cepta
278 1664 370 1715 totam
389 1674 454 1715 rem
474 1656 693 1715 accuratissime
712 1656 948 1731 investigandam
962 1656 1075 1727 censui,
1090 1672 1185 1729 nequa
1198 1654 1300 1739 dubito

171 1767 241 1842 quin
256 1767 390 1827 omnibus
405 1768 599 1842 argumentis,
619 1785 696 1842 quae
716 1766 850 1844 proferre
868 1766 969 1842 potui,
990 1773 1021 1824 et
1039 1764 1160 1840 cognitis
1182 1772 1212 1823 et
1225 1781 1300 1841 pon·

171 1878 279 1936 deratis
293 1878 420 1936 lectores
433 1885 548 1936 tentum
562 1878 665 1935 abesse
679 1877 739 1935 sint
753 1875 928 1947 confessuri,
950 1884 984 1934 ut
996 1874 1153 1945 Harduini,
1175 1873 1301 1933 hominis

173 1988 264 2047 astuti
288 1986 423 2063 aliisque,
438 2005 493 2046 sua
517 1987 713 2064 surripientis,
738 1987 842 2045 iudicio
867 1985 1021 2045 malevolo·
1039 1986 1076 2042 de
1099 1983 1301 2060 Daleoampio,

106 2101 110 2117 ¹
173 2098 290 2156 homine
303 2099 397 2173 probo
411 2098 585 2171 minimeque
599 2098 727 2167 indocto,
751 2097 790 2155 sit
809 2097 1040 2168 assentiendum,
1055 2103 1089 2153 ut
1106 2112 1161 2170 per
1178 2094 1245 2153 illas
1258 2093 1302 2152 le·

174 2207 284 2265 otiones
297 2206 403 2263 litteris
417 2205 524 2264 VatM
538 2212 654 2264 notatas
670 2213 748 2264 certe
762 2205 857 2264 multo
871 2207 1001 2264 maxima
1015 2223 1053 2263 ex
1065 2212 1152 2281 parte
1168 2205 1301 2264 codicum

173 2316 383 2392 discrepantias
399 2321 530 2374 servatas
544 2316 583 2374 sit
597 2316 783 2374 credendum.
805 2315 853 2374 Ac
866 2317 995 2391 primum
1009 2315 1130 2390 quidem
1143 2313 1302 2374 Daleoam·

172 2426 238 2504 pius
252 2425 350 2484 littera
363 2424 397 2483 M
417 2432 519 2497 utens,
539 2444 594 2502 pro
608 2443 668 2501 qna
681 2443 737 2500 ego
751 2425 861 2501 ubique
875 2444 891 2482 r
904 2425 1005 2501 posui,
1033 2443 1150 2501 semper
1163 2424 1301 2484 lectiones

175 2554 214 2595 ex
227 2534 308 2594 libris
322 2535 528 2612 manuscriptis
543 2535 666 2594 haustas
680 2534 864 2611 significavit,
888 2535 966 2610 quod
984 2534 1111 2611 primum
1130 2535 1198 2594 inde
1212 2535 1302 2594 disei-

174 2646 544 2722 mus,quod,utisingulae
554 2645 616 2704 fere
625 2645 805 2723 paragraphi
815 2645 949 2704 editionis
960 2654 1078 2704 nostrae
1089 2647 1204 2718 docent,
1214 2645 1303 2720 longe

176 2757 320 2834 plurimae
338 2757 455 2817 illarum
475 2758 633 2817 lectionum
652 2776 706 2834 per
726 2757 842 2817 codices
862 2763 969 2833 postea
988 2755 1112 2814 collatos
1127 2756 1302 2815 confirman-

174 2878 235 2940 tur,
260 2877 335 2941 tum,
360 2869 392 2926 id
416 2869 497 2943 qnod
522 2868 616 2926 multo
640 2877 685 2926 est
704 2869 837 2945 gravius,
857 2885 946 2944 saepe
966 2866 1042 2924 tales
1062 2866 1202 2925 lectiones
1216 2883 1253 2922 ex
1266 2862 1303 2920 M

173 2975 249 3055 (sive
261 2973 294 3058 r)
308 2959 378 3035 sunt
391 2983 537 3048 enotatae,
551 2996 686 3053 quarum,
702 2995 769 3034 cum
782 2978 864 3052 ipsae
878 2997 897 3035 a
911 2977 1058 3036 codicibus
1072 2975 1137 3034 aliie
1158 2993 1219 3034 non
1233 2991 1302 3032 con·

174 3088 338 3159 firmentur,
358 3085 522 3144 certissima
541 3093 640 3143 tamen
653 3086 781 3160 vestigia
800 3086 864 3143 aliis
883 3087 914 3144 in
936 3087 1085 3145 codicibus
1105 3084 1303 3143 inveniuntur.

179 3195 226 3260 Ita
237 3191 268 3266 2,
280 3191 353 3254 230.
364 3213 441 3253 unus
451 3214 467 3253 r
477 3196 567 3253 habet
573 3198 645 3272 fona
656 3198 840 3272 incorruptas
854 3214 964 3272 semper
980 3201 1113 3274 praestat
1130 3212 1234 3270 aquas,
1252 3192 1305 3252 ubi

178 3321 248 3364 cum
262 3305 387 3363 aliorum
408 3304 538 3363 codicum
550 3305 663 3363 librarii
676 3324 731 3382 pro
744 3305 797 3363 illo
811 3325 920 3382 semper
934 3325 973 3364 ex
985 3307 1085 3383 inepto
1098 3322 1208 3376 errore,
1219 3302 1303 3362 ouius

176 3413 244 3472 ions
264 3415 410 3473 neminem
424 3415 527 3492 fugiet,
547 3424 718 3474 exarescent
738 3419 769 3475 in
784 3419 867 3493 epiro
882 3416 930 3476 vel
944 3420 1037 3493 ape'ro,
1053 3417 1091 3474 ab
1106 3415 1171 3473 aliis
1186 3413 1304 3485 scribis,

175 3522 245 3594 Ad,
261 3531 291 3582 et
304 3525 465 3584 editoribus
479 3526 615 3584 omnibus
628 3525 704 3584 illud
725 3526 896 3585 adverbium
911 3534 958 3584 est
971 3525 1123 3597 omissum,
1145 3525 1217 3599 quia
1235 3523 1306 3583 illae

175 3634 272 3693 malae
285 3634 426 3693 lectiones
440 3634 552 3694 iustum
566 3653 686 3694 sensum
700 3654 760 3694 non
774 3635 939 3694 funderent.
961 3635 1007 3694 Aa
1026 3653 1147 3711 quaeso,
1161 3634 1241 3692 unde
1254 3651 1304 3692 eae

178 3753 259 3804 ortas
277 3745 453 3817 dices,.nisi
472 3763 510 3803 ex
528 3745 628 3819 aliqua
649 3744 774 3804 lectione
792 3745 870 3803 male
883 3744 1051 3804 intellecta?
1072 3745 1203 3804 Facilior
1216 3743 1304 3802 etiam

177 3872 226 3912 res
247 3863 293 3914 est
312 3855 465 3915 intellectu
486 3851 523 3926 4,
547 3849 610 3928 26.,
631 3855 682 3913 ubi
696 3873 765 3913 exr
784 3855 985 3931 recipiendum
1005 3855 1060 3914 init
1081 3856 1187 3914 obiecta
1208 3856 1305 3912 iaculo

180 3964 310 4037 Euboea,
324 3964 412 4039 idque
426 3985 461 4024 eo
485 3965 592 4042 magis,
612 3982 679 4024 cum
697 3963 730 4023 A
750 3965 858 4023 habeat
877 3968 981 4025 obiecta
996 3967 1106 4025 inculue
1127 3967 1232 4036 arboee,
1254 3964 1306 4038 qui

181 4073 256 4133 levis
287 4092 368 4133 error
397 4084 501 4152 postea
525 4077 707 4136 occasionem
738 4076 898 4135 lectionum
923 4077 1031 4136 obiectu
1061 4077 1242 4136 insuleuboee
1274 4079 1306 4129 ct

177 4185 282 4245 obieeta
302 4188 411 4249 ineotee
432 4187 563 4250 Euboeae
586 4188 680 4262 dedit,
698 4206 841 4274 guarum·
854 4190 926 4248 haee
946 4188 978 4246 in
996 4187 1137 4246 editiones
1167 4185 1305 4262 vulgatas
