2888 4794
458 282 529 329 nm.
545 282 593 330 vr.
622 280 700 328 cnr.
716 280 804 327 xxx,
835 278 932 328 suar.
947 280 979 325 a.
1221 261 1284 326 469

158 433 306 498 inlinunt.
328 432 375 496 At
396 454 438 498 ex
457 430 590 497 Africae
610 441 702 518 parte
717 430 886 512 Medimni,
913 429 989 496 dein
1002 429 1163 496 Nomades
1185 452 1284 515 cyno-

160 535 364 622 cephalomm
391 534 474 600 lacte
503 534 665 612 viventes,
701 532 818 611 Aladi,
856 528 1016 617 Syrbotae
1052 530 1107 615 qui
1137 541 1286 597 octonum

160 636 340 703 cubitorum
369 657 440 701 esse
470 635 629 700 dicuntur.
664 631 872 700 Aristocreon
895 632 1023 718 Libyae
1049 632 1148 698 latere
1170 657 1189 698 a
1210 631 1285 698 Me·
1301 650 1347 697 191

159 759 214 803 roe
243 737 399 824 oppidum
420 735 534 802 Tollen
563 736 689 802 dierum
716 759 740 800 v
769 734 883 801 itinere
914 733 1027 813 tradit,
1057 733 1132 798 inde
1161 733 1287 800 dierum

159 861 209 903 x11
235 837 320 904 Esar
350 837 505 925 oppidum
530 836 771 924 Aegyptiorum
807 836 864 919 qui
890 835 1163 901 Psammetichum
1191 835 1286 921 fuge·
1352 888 1355 893 .

159 939 242 1017 rint3
275 939 310 1004 in
338 961 377 1005 eo
403 939 558 1025 prodente
586 960 621 1003 se
650 959 708 1002 cco
738 938 915 1015 habitasse3
949 947 1059 1002 contra
1086 937 1121 1001 in
1145 935 1288 1002 Arabico

159 1042 260 1107 latere
281 1040 394 1107 Daren
415 1040 569 1128 oppidum
591 1063 662 1108 esse
684 1064 805 1108 eorum.
832 1039 916 1105 Bion
936 1049 1043 1104 autem
1065 1035 1176 1125 Sapen
1194 1047 1289 1105 vocat

161 1144 249 1226 quod
274 1142 327 1208 ille
354 1142 455 1221 Esar,
487 1153 520 1207 et
546 1144 616 1230 ipso
643 1145 773 1209 nomine
801 1143 941 1209 advenas
970 1140 1160 1228 significari3
1191 1151 1289 1228 caput

162 1264 273 1307 eorum
304 1243 338 1307 in
369 1243 475 1310 insula
508 1241 709 1310 Sembobitin
742 1255 775 1309 et
806 1244 935 1308 tertium
970 1243 1004 1307 in
1031 1241 1155 1307 Arabia
1185 1239 1288 1307 Sinat.

160 1343 250 1410 Inter
277 1344 394 1410 montis
420 1356 527 1412 autem
550 1355 583 1410 et
603 1345 713 1411 Nilum
737 1344 893 1412 Simbarri
924 1354 1015 1424 sunt,
1045 1343 1227 1434 Palugges,
1254 1344 1290 1409 in

116 1524 121 1531 Ι
161 1445 241 1531 ipsis
261 1469 338 1513 vero
356 1446 518 1513 montibus
532 1446 682 1512 Asachae
696 1447 805 1512 multis
820 1446 1020 1522 nationibus3
1043 1446 1159 1512 abesse
1174 1445 1289 1510 amari

149 1546 313 1613 'dicuntur
344 1548 470 1617 dierum
505 1572 540 1635 v·
564 1549 699 1626 itinere,
732 1549 843 1621 vivont
880 1547 1124 1632 elephantorum
1159 1534 1288 1610 venatu.

161 1646 271 1713 Insula
296 1648 332 1711 in
356 1647 431 1711 Nilo
460 1646 730 1712 Semberritarum
756 1647 888 1732 reginae
916 1655 1026 1732 paret3
1055 1645 1096 1711 ab
1123 1667 1161 1710 ea
1181 1643 1289 1712 Nubci
1304 1662 1353 1708 192

161 1747 342 1834 Aethiopes
370 1747 495 1813 dierum
516 1770 576 1812 vm
601 1747 732 1827 itinere3
761 1747 917 1833 oppidum
940 1769 1051 1812 eorum
1072 1745 1146 1812 Nilo
1167 1747 1290 1834 inposi-

163 1859 232 1915 tum
246 1849 420 1936 Tenupsis.
445 1846 620 1928 Sesambri,
643 1848 730 1936 apud
751 1871 834 1933 quos
853 1844 1070 1935 quadripedes
1091 1871 1201 1914 omnes
1224 1849 1291 1915 sine

162 1953 304 2033 auribus,
328 1954 425 2019 etiam
447 1951 617 2040 elephanti.
644 1951 698 2017 Ex
712 1951 847 2018 Africae
864 1962 956 2038 parte
971 1951 1145 2031 Tonobari,
1168 1952 1291 2018 Ptoen-

164 2054 259 2139 phae,
283 2055 339 2140 qui
362 2077 474 2120 canem
494 2078 554 2142 pro
575 2077 653 2141 rege
674 2048 809 2132 habent,
836 2062 925 2119 motu
947 2053 1017 2119 eius
1039 2053 1163 2140 inperia
1184 2077 1290 2140 augu-

161 2165 283 2234 rantes,
307 2155 455 2242 Arnuspi
476 2156 595 2243 oppido
617 2156 713 2242 longe
731 2178 751 2219 a
764 2153 838 2220 Nilo
855 2153 926 2233 sito,
949 2164 1063 2240 postea
1077 2154 1290 2234 Archisarmi,

163 2253 328 2343 Phaliges,
349 2255 534 2344 Morigerri,
556 2254 713 2322 Casmari.
735 2255 820 2320 Bion
842 2265 875 2320 et
896 2256 959 2323 alia
980 2248 1099 2342 oppida
1121 2255 1155 2320 in
1176 2249 1290 2322 insulis
1305 2273 1353 2325 19³

163 2356 277 2436 tradit,
307 2382 327 2423 a
349 2357 529 2424 Sembobiti
549 2355 688 2423 Meroen
713 2380 829 2424 versus
849 2358 981 2427 ,dierum
1003 2368 1070 2423 toto
1092 2358 1206 2423 itinere
1227 2381 1290 2437 xx3

161 2479 337 2543 proxumae
356 2458 479 2527 insidae
495 2460 649 2546 oppidum
666 2457 936 2527 Semberritarum
951 2460 1011 2526 sub
1026 2459 1140 2549 regina
1155 2471 1188 2525 et
1203 2459 1290 2525 aliud

181 2695 212 2762 ,ξ
226 2703 283 2747 191.
306 2695 430 2757 Libidine,
445 2697 478 2746 R.
497 2736 529 2744 -
551 2693 646 2756 Tollen,
663 2688 770 2746 Bono.
801 2693 948 2761 Tolerassr.
968 2739 999 2746 ..
1017 2697 1094 2760 Esar,
1106 2700 1212 2750 Barbar.
1238 2699 1289 2749 De-

162 2756 337 2824 manduc.
364 2761 435 2824 Eser,
453 2764 532 2813 altera
546 2764 654 2812 Barbari
670 2764 822 2813 coniectura.
841 2804 873 2812 -
897 2765 1013 2829 oppidum
1030 2764 1084 2832 Aep
1119 2766 1214 2827 tiorum,
1232 2759 1290 2815 Ro.

163 2830 250 2895 oppido
261 2829 446 2896 Aepyptioram,
458 2833 482 2880 d.
500 2829 674 2894 Aegyptiorum
686 2830 809 2895 oppidum,
821 2825 872 2895 βγ.
885 2873 917 2881 ..
934 2832 1081 2888 Psammetic
1099 2851 1144 2894 am,
1158 2834 1252 2885 Sabell.
1265 2836 1289 2885 d.

162 2897 336 2960 Psamesicam,
348 2899 380 2948 R.
400 2939 432 2948 ..
442 2897 565 2964 sopirent,
577 2900 623 2947 R¹.
638 2897 756 2962 snyirint,
768 2900 814 2949 Ra
833 2939 865 2948 -
881 2898 1043 2964 madentem,
1055 2895 1206 2952 ROSTdr.
1230 2918 1291 2966 pro-

163 2966 250 3016 duntur
262 2965 345 3027 annis,
356 2961 407 3031 βγ.
426 3008 457 3016 ..
479 2962 548 3026 000,
568 2960 671 3016 OSTd.
695 2961 879 3030 armentiassr.
901 2969 946 3017 Ex
956 2971 1002 3018 Rd
1014 2968 1080 3018 nihil
1097 2977 1237 3020 enotatum.
1256 3011 1289 3020 ..

161 3032 259 3096 Daron,
274 3036 378 3085 Barbar.
404 3035 513 3096 Diaron,
530 3025 667 3084 ROKTd.
693 3032 804 3096 Dionen,
820 3049 840 3083 r.
867 3034 980 3096 Danion,
998 3035 1025 3086 S.
1051 3034 1153 3099 Dalion,
1168 3039 1237 3088 Pint.
1256 3078 1288 3088 ...

163 3117 252 3163 coram,
265 3105 289 3152 d.
308 3100 415 3163 deorum,
431 3094 488 3152 Ro.
507 3144 539 3151 ..
557 3100 633 3163 Esar,
645 3102 749 3152 Barbnr.
767 3099 850 3164 Seaar,
862 3104 947 3154 RTd.
972 3104 1068 3165 assent,
1080 3121 1099 3153 r.
1119 3145 1151 3154 ..
1170 3105 1290 3167 aduenas,

162 3170 264 3219 RTdr.
287 3170 396 3220 advenas
409 3172 453 3232 ait,
465 3167 515 3235 βγ.
535 3212 566 3221 ..
583 3170 701 3231 Pacheia,
717 3171 786 3221 Pint.
805 3213 837 3222 -
861 3170 945 3232 Sinai,
957 3173 982 3221 R
993 3167 1044 3232 (uti
1056 3179 1123 3222 certe
1133 3171 1245 3236 videtur)
1260 3164 1289 3226 θ.

163 3237 250 3298 Sinas,
263 3238 316 3287 Td.
335 3236 405 3300 Sina,
416 3256 435 3289 r.
453 3238 509 3301 Sat,
520 3235 572 3304 βγ.
586 3281 618 3289 ..
631 3248 661 3302 et,
673 3239 705 3288 R.
725 3248 758 3300 at,
771 3243 794 3290 d.
808 3280 840 3289 ..
858 3239 993 3301 Simbnrri,
1005 3241 1050 3290 3².
1067 3238 1158 3304 Burri,
1167 3234 1288 3293 mord.

163 3302 288 3369 Synrbart,
300 3300 322 3367 β
326 3320 351 3370 γ.
365 3348 397 3357 -
409 3307 542 3374 Palupyes,
552 3309 635 3358 RTd.
653 3305 800 3372 Palnoqpcs,
814 3300 842 3356 θ.
860 3305 985 3372 Plab'yes,
996 3321 1039 3370 rr.
1057 3308 1208 3374 Phalnnqes,
1217 3306 1246 3372 β.
1257 3349 1289 3360 ...

162 3371 286 3435 Asachae,
298 3375 343 3424 Rd
356 3372 442 3438 (codd.
452 3374 578 3437 Barbari.)
596 3374 728 3437 Aractaei,
741 3376 848 3429 Salmas.
860 3390 943 3425 exerc.
956 3391 981 3439 p.
994 3379 1052 3426 27³.
1065 3392 1088 3426 a.
1100 3377 1134 3427 D.
1151 3376 1289 3440 Azaclaei,

162 3439 245 3491 Solin.
258 3448 300 3502 ³0,
312 3449 337 3490 4.
356 3481 386 3490 ..
408 3452 519 3504 venatus,
532 3444 587 3494 Rd.

197 3540 283 3600 §192
301 3540 326 3590 in
342 3540 413 3602 Nilo,
429 3543 462 3592 R.
481 3541 508 3590 in
524 3540 588 3604 Nili,
600 3545 624 3593 d.
646 3544 671 3593 in
689 3543 737 3606 uto,
754 3559 774 3593 r.
793 3584 825 3592 -
843 3542 1028 3606 Samaritarum,
1044 3561 1064 3594 r.
1084 3585 1116 3595 ..
1134 3544 1241 3610 rapinae,
1256 3546 1289 3596 R.

164 3609 267 3674 rapinae,
279 3609 331 3659 Td.
350 3611 450 3673 reqioni,
462 3627 482 3661 r.
502 3652 533 3659 -
552 3608 651 3672 Nubae,
663 3613 696 3661 Κ.
715 3652 747 3661 ..
770 3610 893 3676 Tenupsb,
906 3613 979 3663 codd.
991 3612 1105 3664 Barbari.
1128 3610 1245 3674 Erubris,
1257 3613 1289 3663 R.

163 3676 271 3740 enuptio,
284 3678 352 3726 (1.-
371 3676 506 3740 Sacambri,
518 3680 572 3728 Rd.
590 3675 693 3741 Sambri,
705 3674 757 3744 βγ.
775 3679 932 3743 Peambares,
945 3681 1026 3732 Solin.
1040 3688 1080 3742 30,
1094 3686 1118 3730 5.
1136 3721 1168 3731 ..
1187 3680 1290 3744 quadri·

162 3744 242 3808 pedes,
258 3745 311 3796 Rd.
334 3744 514 3811 quadrupedes,
526 3743 576 3811 βγ.
596 3788 628 3797 -
646 3747 805 3809 οτηπῶιιε,Β.
825 3787 855 3796 -
875 3747 989 3809 Eaud.
1016 3746 1051 3797 At
1066 3744 1168 3813 οπ,βγ.
1187 3789 1219 3798 ..
1242 3748 1289 3799 To·

163 3811 257 3874 nodari,
270 3814 323 3863 Rd.
341 3813 485 3876 Ptoentani,
497 3815 564 3865 Rob.
581 3814 749 3877 Ptoear'nbari,
760 3810 789 3876 β.
806 3815 958 3881 Ptoembnri,
975 3830 1000 3884 γ.
1019 3855 1050 3865 ..
1069 3814 1220 3881 Ptoenpltac,
1233 3817 1288 3867 Rc.

162 3879 346 3945 Ptonemplant,
362 3883 429 3932 Rob.
450 3880 640 3947 Ptocmpltanae,
656 3877 706 3947 βγ.
726 3923 758 3932 -
776 3883 814 3944 ab,
827 3886 850 3933 d.
870 3925 902 3933 ..
920 3883 978 3936 Nili
992 3883 1048 3946 ritu,
1065 3901 1085 3934 r.
1105 3924 1135 3933 -
1152 3882 1289 3935 Archisar-

163 3945 203 4007 mi,
214 3948 260 3997 R2.
277 3948 457 4011 Archismmic,
467 3953 534 4001 R·¹d.
552 3950 697 4017 Achisarnpi,
705 3947 756 4015 βγ.
769 3990 801 4000 ..
814 3946 964 4018 Mariperri,
975 3954 1030 4003 Rd.
1050 3949 1184 4016 Mariqeri,
1193 3948 1245 4017 βγ.
1256 3991 1288 4002 .-

167 4013 290 4078 Oaamari,
302 4017 355 4066 Rd.
378 4016 531 4080 Garamam,
543 4013 597 4083 βγ.

132 4120 136 4127 “
165 4112 298 4245 lotitia
323 4127 358 4179 et,
374 4117 427 4170 Rd.
451 4118 539 4171 Omitt.
555 4115 608 4185 βγ.
633 4163 663 4171 -
687 4119 829 4185 Semtotiti,
847 4123 951 4174 Barbar.
979 4120 1116 4186 Satobithi,
1133 4123 1164 4175 R.
1192 4121 1288 4175 Sembo-
