2888 4794
308 326 378 372 ras.
394 327 431 371 11.
462 324 539 370 chr.
556 324 706 370 nxxvru.
724 323 849 368 nxxrx.
883 321 979 368 sacr.
997 322 1027 364 aa.
1042 321 1074 364 sr.
1195 304 1255 366 179

139 493 255 563 tueque
283 491 316 544 et
349 488 456 543 cetera
488 478 594 541 omnia
626 475 766 540 siderum
794 475 825 538 vi
859 474 1053 540 existumant
1080 474 1164 551 fieri,
1199 473 1257 539 sed

137 583 264 650 illorum
287 580 382 645 trium
405 578 522 663 quibus
545 577 679 642 fulmina
700 577 885 664 adsignant3
912 577 982 642 fieri
1004 586 1123 654 autem,
1145 598 1255 640 mean-

139 685 219 749 tium
240 706 315 750 oum
337 682 404 748 sole
426 690 482 744 aut
504 679 758 766 congruentium,
782 688 813 743 et
835 702 984 745 maxume
1000 679 1086 746 circa
1100 678 1258 763 quadrata

136 786 257 851 mundi.
286 784 458 850 Praeclara
479 782 636 866 quaedam
658 791 691 846 et
711 780 888 847 inmortalis
909 783 943 846 in
965 804 1013 860 eo,
1037 783 1064 846 si
1086 780 1256 858 credimus,

138 888 289 954 divinitas
322 885 510 974 perhibetur
542 883 785 948 Anaximandro
813 881 942 950 Milesio
976 885 1126 971 physico,
1161 904 1258 966 quem

136 991 245 1055 ferunt
265 986 532 1053 Lacedaemoniis
554 985 754 1071 praedixisse
780 998 818 1052 ut
845 987 959 1053 urbem
981 1009 1020 1052 ae
1042 997 1128 1051 tecta
1149 995 1256 1050 eusto-

137 1091 254 1168 dirent,
276 1091 396 1155 instare
419 1089 503 1154 enim
524 1099 648 1153 motum
671 1099 789 1165 terrae3
813 1100 846 1154 et
868 1099 937 1153 tum
957 1087 1034 1153 urbs
1057 1099 1125 1153 tota
1147 1110 1260 1177 eorum⁸

138 1193 263 1258 conruit
291 1203 324 1258 et
350 1191 490 1280 Taygeti
516 1192 633 1257 montis
658 1215 776 1280 magna
802 1214 878 1278 pars
904 1191 946 1256 ad
973 1191 1109 1256 fonnem
1137 1191 1257 1277 puppis

138 1295 279 1360 eminens
306 1294 443 1380 abrupta
470 1295 593 1359 cladem
616 1316 686 1359 eam
707 1295 842 1380 insuper
862 1294 956 1360 ruina
976 1292 1103 1380 pressit.
1140 1292 1256 1357 Perhi-

138 1396 232 1461 betur
253 1408 286 1462 et
305 1395 487 1481 Pherecydi
508 1395 714 1484 Pythagorae
744 1397 866 1462 doctori
892 1396 953 1461 alia
980 1395 1171 1462 coniectatio
1199 1394 1258 1460 sed

138 1509 170 1564 et
190 1499 245 1564 illa
266 1498 391 1577 divina,
420 1498 539 1563 haustu
566 1521 668 1584 aquae
696 1522 714 1564 e
742 1509 840 1584 puteo
862 1497 1080 1585 praesensisse
1101 1520 1140 1563 ac
1161 1518 1256 1582 prae·

137 1598 256 1664 dixisse
284 1609 387 1664 terrae
414 1610 545 1665 motum.
584 1597 677 1680 Quae
704 1601 732 1664 si
758 1623 835 1665 vera
857 1611 948 1678 sunt,
977 1609 1133 1683 quantum
1154 1622 1174 1662 a
1196 1598 1257 1664 deo
1272 1612 1319 1659 192

137 1699 267 1765 tandem
288 1699 390 1764 videri
416 1712 553 1786 possunt
579 1701 660 1766 tales
687 1701 807 1767 distare
834 1701 912 1765 dum
939 1700 1071 1765 vivant?
1106 1698 1152 1763 Et
1177 1700 1257 1764 haec

138 1801 268 1884 quidem
295 1797 426 1866 arbitrio
453 1801 607 1884 cuiusque
631 1800 855 1866 existumanda
876 1801 1115 1885 relinquantur3
1143 1810 1257 1865 ventos

134 1903 167 1965 in
190 1915 287 1967 causa
308 1923 379 1966 esse
401 1923 465 1966 non
487 1901 620 1967 dubium
641 1925 723 1968 reor.
755 1901 871 1986 Neque
890 1902 976 1967 enim
989 1923 1143 1985 umquam
1156 1902 1256 1968 intre-

134 2003 274 2068 miscunt
301 2012 404 2067 terrae
431 2002 494 2069 nisi
521 2004 626 2088 sopito
650 2003 732 2068 mari
754 2004 907 2087 caeloque
928 2002 1009 2069 adeo
1031 2002 1199 2087 tranquillo
1220 2015 1258 2069 ut

135 2105 260 2170 volatus
275 2103 382 2168 avium
396 2127 462 2170 non
476 2105 654 2191 pendeant,
678 2115 843 2191 suptraato
856 2105 944 2170 omni
958 2104 1074 2191 spiritu
1087 2105 1143 2191 qui
1157 2104 1256 2184 vehit,

134 2230 196 2274 nee
216 2226 368 2290 umquam
390 2207 452 2272 nisi
478 2218 553 2293 post
577 2217 705 2286 ventos,
733 2208 861 2273 condito
890 2207 1013 2272 scilicet
1038 2206 1074 2271 in
1099 2230 1197 2272 venas
1224 2218 1258 2272 et

134 2332 212 2376 cava
227 2310 296 2375 eius
311 2312 437 2378 occulta
449 2310 539 2375 flatu.
571 2309 688 2395 Neque
706 2310 795 2378 aliud
814 2322 864 2376 est
882 2311 916 2375 in
930 2321 1016 2377 terra
1030 2320 1147 2376 tremor
1161 2332 1257 2393 quam

133 2441 237 2506 liquidos
248 2445 280 2492 ad
293 2445 440 2508 opinionem
452 2459 493 2495 me
505 2444 610 2494 deduxit
618 2443 731 2493 Plinium
743 2444 829 2492 omnia
840 2457 885 2506 per
896 2443 1069 2494 accusativum
1078 2459 1099 2493 c.
1111 2443 1181 2492 infin.
1194 2445 1254 2495 scri-

131 2512 219 2573 psisse,
231 2513 366 2575 pendentia
378 2514 517 2563 etiamnum
530 2527 546 2562 a
556 2512 638 2562 verbis
649 2526 697 2560 nou
709 2521 746 2560 est
757 2508 883 2570 dahium§
898 2516 953 2562 189.
975 2512 1064 2575 Atque
1075 2512 1112 2562 ite
1122 2512 1187 2561 nihil
1199 2527 1254 2562 mu-

132 2581 246 2638 tandum,
261 2580 310 2629 nisi
326 2587 355 2630 ut
372 2579 480 2630 modicos
493 2580 615 2630 scribatur
625 2593 673 2642 pro
686 2576 802 2638 modicus,
815 2586 841 2628 et
843 2577 945 2642 fertilis
957 2580 1104 2629 habendum
1121 2594 1168 2642 pro
1181 2594 1254 2628 accu-

132 2647 212 2695 sativo
224 2647 329 2710 pluralis
340 2662 424 2710 neque
435 2662 481 2711 pro
493 2647 652 2695 nominativo
666 2645 808 2707 singularis.
821 2685 853 2693 ..
866 2645 978 2710 capacia,
990 2647 1015 2696 R
1027 2645 1081 2708 (cia
1092 2647 1119 2695 in
1131 2643 1208 2707 corr.)
1222 2686 1253 2695 .-

131 2711 224 2774 Isdem,
236 2715 268 2764 R.
286 2754 318 2763 ..
337 2714 433 2764 extimis
444 2713 563 2776 pentibus,
580 2713 684 2762 Barbar.
708 2710 930 2773 extimesceatihus,
947 2714 1072 2763 RTada.
1092 2753 1124 2761 -
1138 2713 1254 2775 fueruat,
1308 2766 1311 2771 .

131 2783 163 2830 K.
178 2821 209 2830 ..
228 2781 348 2845 paruerit,
360 2782 411 2830 3¹.
426 2787 569 2844 paruerunt,
581 2780 615 2830 K.
634 2819 665 2827 ..
687 2776 795 2839 avolsae,
808 2779 858 2827 R¹.
876 2817 906 2826 ..
929 2794 974 2843 pro
989 2777 1087 2840 unitate,
1104 2773 1253 2829 R²T0ua

93 2863 99 2875 ¹
129 2846 406 2911 monuntiatawSa.
435 2845 606 2908 pronuntiata,
618 2847 651 2896 Κ.
678 2862 726 2909 pro
743 2844 903 2907 immanitate,
919 2847 1023 2896 Barbar.
1040 2842 1090 2911 βγ.
1116 2845 1253 2911 pronitate,

132 2916 200 2963 Pint.
220 2953 252 2961 -
270 2921 407 2977 urpuentes,
418 2916 451 2962 R.

166 2978 253 3039 §191-
268 2978 370 3044 placite,
382 2983 399 3030 d
410 2978 436 3044 (a
447 2981 475 3030 in
490 2978 599 3044 rasura.)
618 3017 648 3029 ..
668 2988 699 3042 et,
713 2981 738 3032 R
754 2977 793 3042 (in
810 2979 909 3044 rasura)
921 2983 974 3032 Td.
996 2982 1085 3034 Omitt.
1098 2976 1169 3046 adr.
1192 2981 1252 3032 Vid.

132 3049 217 3108 adea,
233 3053 274 3097 33.
293 3089 326 3096 -
343 3057 425 3098 terrae
440 3056 522 3110 maha,
539 3049 563 3099 d.
583 3089 615 3099 ..
638 3055 669 3114 et,
685 3050 725 3099 α’.
748 3048 854 3111 uana
873 3049 957 3114 q,B¹.
983 3053 1086 3114 que,a¹.
1105 3068 1160 3131 qap,
1177 3052 1200 3100 d.
1220 3089 1252 3100 .-

131 3129 238 3181 sideram
253 3130 284 3193 ei,
296 3133 366 3182 1e2T
376 3126 446 3183 Oad.
473 3130 582 3183 siderum
598 3141 633 3194 ut,
650 3133 700 3184 R¹.
722 3132 750 3183 ai
765 3130 883 3195 siderum,
893 3129 944 3199 βγ.
964 3175 992 3183 -
1014 3135 1137 3198 extimant,
1157 3135 1252 3186 ((1.-

133 3208 183 3260 aut,
196 3200 240 3249 ad.
260 3199 300 3260 ad,
313 3200 344 3250 R.
358 3240 390 3250 ..
402 3199 520 3263 maxima,
532 3216 554 3252 a.
568 3243 599 3251 -
613 3199 747 3267 quadrt‘ttd,
759 3202 791 3251 R.
806 3242 835 3250 ..
848 3200 998 3265 Praeclara,
1011 3206 1055 3255 ad.
1075 3221 1096 3253 o.
1110 3221 1157 3266 am,
1168 3205 1201 3253 R.
1219 3242 1251 3253 ..

133 3265 264 3330 quaedam,
276 3268 390 3319 STa¹d
409 3267 531 3332 quaedam
547 3285 608 3331 esse,
624 3265 742 3334 Ra²ssr.
761 3310 793 3318 -
811 3269 838 3319 ir
850 3286 884 3331 ea,
903 3271 984 3321 omitt.
995 3272 1063 3322 Pint.
1076 3273 1127 3323 Kr.
1146 3313 1177 3321 -
1195 3287 1252 3335 pro-

133 3333 235 3397 hibetur,
248 3352 270 3385 a
282 3376 315 3386 -
328 3334 530 3398 Lacedaemonii,
542 3338 567 3387 R
579 3334 643 3399 (una
653 3337 738 3387 littera
749 3334 841 3399 arasa.)
855 3377 886 3386 ..
903 3347 927 3387 et
938 3348 992 3399 tum,
1004 3356 1024 3389 r.
1044 3349 1067 3388 et
1077 3357 1137 3400 cum,
1149 3340 1251 3390 RTad.

132 3419 182 3452 cum
194 3411 224 3464 et,
240 3398 291 3468 βγ.
310 3444 342 3454 ..
361 3413 410 3454 tota
425 3421 507 3454 eonem
524 3406 622 3463 corruit,
639 3405 691 3471 Ra.
714 3405 765 3453 ruit
780 3413 830 3452 tota
845 3419 934 3465 eorum,
948 3406 1002 3453 Td.
1021 3446 1052 3453 ..
1067 3407 1152 3471 pupis,
1168 3408 1200 3456 R.
1219 3446 1252 3455 -

131 3480 228 3535 erupta,
240 3472 292 3520 R1.
310 3473 447 3534 abruptam,
459 3472 510 3521 R2.
529 3511 561 3520 -
579 3471 680 3532 cladem,
692 3471 743 3519 Ra.
767 3468 846 3532 clade,
858 3472 911 3520 Td.
930 3471 1018 3534 clades,
1030 3489 1050 3522 r.
1069 3514 1101 3522 -
1120 3488 1173 3520 eam
1186 3472 1252 3522 iasu-

128 3552 181 3600 per,
193 3536 314 3587 RTa'dr.
332 3539 432 3603 iusuper
443 3555 503 3600 eam,
515 3533 566 3602 βγ.
582 3578 609 3586 -
625 3545 647 3586 et
660 3539 735 3588 ruina
743 3536 872 3604 oppressit,
884 3555 904 3588 r.
918 3580 950 3588 -
966 3537 1111 3608 Pherecydi,
1123 3533 1250 3614 STOad.

130 3618 258 3688 Ferecpdi,
269 3622 295 3672 R
305 3624 320 3672 ¹.
343 3619 489 3690 Ferecpdes,
501 3624 550 3673 R2.
572 3621 733 3691 Pherecydis,
749 3619 778 3685 β,
797 3665 829 3673 -
847 3624 948 3686 dommi,
965 3617 1091 3676 swan.
1114 3625 1214 3686 doctori,
1228 3625 1253 3674 R

131 3685 235 3750 (ultima
245 3691 330 3740 littera
340 3691 367 3740 in
379 3688 486 3753 rasura.)
505 3689 620 3753 doctoris,
629 3686 657 3752 β.
668 3732 699 3741 ..
709 3693 865 3755 coniectasse,
872 3692 897 3742 R
906 3691 1023 3754 (ultimae
1035 3695 1133 3744 litterae
1144 3694 1171 3742 in
1182 3708 1252 3743 rasu-

131 3755 181 3818 ra.)
194 3797 225 3805 ..
238 3775 258 3817 e,
271 3773 322 3807 om.
335 3761 359 3808 d
373 3799 404 3807 ..
423 3775 453 3809 ac
461 3756 632 3821 praedixisse,
644 3761 695 3809 Ra.
714 3767 786 3824 atque
803 3759 905 3823 dixisse,
918 3762 971 3811 Td.
991 3762 1048 3812 Om.
1060 3763 1093 3812 Κ.
1112 3801 1144 3809 ..
1162 3769 1252 3822 terrae,

132 3822 208 3874 STd.
227 3823 264 3874 ihi
276 3832 368 3886 terrae,
380 3821 450 3889 asty.
468 3827 500 3876 In
511 3828 536 3876 R
546 3827 606 3874 loco
619 3827 729 3876 adverbii
741 3827 776 3877 ihi
787 3835 825 3877 est
836 3844 931 3878 rasura.

166 3888 252 3948 §192
270 3899 369 3952 tanturn,
387 3893 436 3941 Re
455 3933 487 3942 ..
505 3893 537 3943 ah
550 3910 584 3953 eo,
596 3894 663 3943 Tm
677 3890 726 3955 (uti
737 3893 857 3958 videtur.)
876 3936 907 3944 ..
926 3892 1092 3946 existimanda
1109 3892 1252 3959 relinquan-

133 3964 181 4017 tur,
198 3959 267 4007 Rae
290 3956 455 4008 existimanda
470 3960 620 4024 linquantur,
637 3962 661 4009 d.
685 3962 821 4011 existimant
836 3960 999 4027 aliquantum,
1015 3963 1056 4012 a¹.
1076 4003 1107 4011 -
1131 3963 1210 4025 dubie,
1228 3965 1253 4014 R

132 4021 159 4085 (e
169 4025 196 4073 in
208 4022 285 4085 corr.)
305 4065 336 4073 ..
355 4025 441 4090 sopito,
458 4029 482 4076 R
498 4029 524 4075 in
539 4043 633 4077 rasura.
653 4068 685 4076 ..
702 4026 793 4091 uolatu,
810 4030 834 4078 d.
853 4071 885 4079 -
900 4029 1022 4094 perdant,
1035 4032 1060 4080 R
1073 4032 1110 4080 1(1.
1129 4073 1161 4081 -
1179 4031 1251 4083 omni-

133 4108 179 4153 um,
196 4107 212 4142 a
235 4087 372 4155 (Robert.)
384 4134 415 4142 -
434 4103 506 4157 uento,
523 4095 572 4144 R¹.
592 4134 623 4142 ..
642 4095 740 4155 ceadda,
755 4091 905 4147 R'STOa.
923 4094 1040 4159 conditos,
1056 4095 1172 4161 R²d¹st.
1190 4098 1252 4151 cali-

133 4156 208 4222 dos,r
220 4156 342 4222 (Richel,
354 4159 472 4225 Robert.)
482 4202 514 4211 ..
526 4178 596 4221 aava,
608 4162 686 4213 RST
695 4155 759 4214 dau
771 4161 892 4227 (Richel,
904 4163 1023 4229 Robert.)
1041 4183 1168 4230 cavernas,
1177 4164 1206 4230 β.
1219 4208 1252 4219 -

133 4227 233 4289 occulta,
250 4221 420 4278 asadada
442 4229 564 4291 amhae,
581 4233 634 4280 d²r
649 4227 770 4294 (nichel,
786 4230 867 4296 Rob.)
884 4231 980 4297 oceaho,
991 4229 1020 4295 β.
1040 4275 1071 4285 -
1081 4235 1160 4300 flatu,
1176 4230 1251 4287 nor.

73 4368 75 4373 Δ
133 4292 229 4356 afflatu,
241 4295 311 4347 STd
324 4292 445 4358 (Richel,
458 4295 576 4360 Robert.)
587 4293 616 4359 β.
635 4297 725 4363 astam,
738 4316 760 4349 a
1028 4369 1046 4402 ι
