2888 4794
193 302 253 365 102
543 314 747 362 nnnunnms
770 312 965 360 mononmn

191 469 321 535 tationis
342 490 513 537 occursura
536 465 696 533 desiderio
716 465 789 531 finis
811 465 945 531 alicuius
967 477 1033 543 aut,
1057 466 1084 530 si
1106 466 1187 531 haec
1208 466 1314 530 infini-

191 584 240 637 tas
262 581 395 636 naturae
417 568 557 635 omnium
579 567 694 632 artifici
715 567 816 654 possit
837 567 1019 654 adsignari,
1042 590 1106 633 non
1127 567 1215 632 idem
1235 566 1315 641 illud

190 673 223 737 in
244 696 309 737 uno
331 670 458 738 facilius
481 671 523 735 cit
543 669 704 755 intellegi,
736 679 823 734 tanto
850 669 1040 756 praesertim
1065 692 1172 755 opere.
1210 667 1345 736 Furore

190 784 255 853 est,
278 773 421 861 profecto
448 772 555 850 furor,
579 770 691 857 egredi
713 794 754 836 ex
777 794 815 836 eo
837 781 884 849 et,
909 782 1072 856 tamquam
1093 771 1220 835 intema
1242 771 1312 836 eius

189 886 305 941 cuncta
326 876 421 962 plane
443 873 508 938 iam
528 883 606 938 nota
628 872 713 952 sint,
735 872 781 937 ita
803 872 939 938 scrutari
961 883 1090 952 extera;
1122 871 1215 958 quasi
1237 895 1314 938 vero

189 998 371 1044 mensuram
391 973 491 1041 ullius
515 974 564 1038 rei
589 973 693 1060 possit
719 996 816 1060 agere
846 975 902 1060 qui
933 974 982 1040 sui
1003 974 1127 1041 nesciat
1148 985 1205 1039 aut
1225 997 1324 1051 mene¹

190 1077 328 1144 hominis
349 1076 462 1143 videre
483 1098 569 1160 quae
590 1075 730 1141 muudus
751 1075 822 1163 ipse
842 1097 907 1143 non
928 1076 1044 1162 capiat.
1131 1077 1133 1081 ⁴

232 1178 276 1243 Π.
323 1179 353 1243 2.
375 1174 528 1244 Formam
556 1177 627 1242 eius
656 1177 690 1240 in
718 1177 859 1263 speciem
883 1177 971 1258 orbis
993 1178 1131 1263 apsoluti
1152 1177 1345 1266 globatamo

191 1303 263 1346 eene
291 1302 408 1346 nomen
434 1280 468 1343 in
495 1278 607 1364 primis
637 1290 670 1344 et
695 1302 868 1345 consensus
890 1279 924 1344 in
946 1302 984 1345 eo
1005 1279 1186 1346 mortalium
1207 1279 1318 1345 orbem

191 1382 443 1469 appellantium,
474 1380 533 1445 sed
560 1390 593 1444 et
618 1391 810 1467 argumenta
835 1404 943 1446 rerum
965 1382 1102 1459 docent,
1127 1402 1193 1445 non
1215 1382 1317 1446 solum

192 1484 267 1569 quia
289 1483 362 1549 talio
382 1484 488 1571 figura
509 1481 657 1547 omnibus
680 1481 730 1545 sui
751 1482 898 1566 partibus
920 1483 1027 1571 vergit
1047 1482 1082 1546 in
1103 1504 1173 1546 sese
1195 1504 1234 1546 ac
1256 1481 1317 1547 sibi

193 1587 264 1672 ipsa
286 1585 450 1651 toleranda
473 1594 523 1649 est
545 1605 643 1668 seque
665 1583 801 1650 includit
822 1593 855 1649 et
876 1583 1017 1650 continet
1036 1584 1198 1650 nullarum
1217 1606 1317 1670 egeno

193 1708 374 1774 conpagum
401 1709 463 1752 nec
482 1685 579 1750 finem
600 1696 657 1749 aut
677 1683 805 1750 initium
826 1685 900 1752 ullis
923 1685 973 1750 cui
994 1684 1140 1773 partibus
1162 1685 1316 1764 sentiens,

83 1808 87 1823 '
190 1813 251 1854 nee
273 1789 349 1874 quia
371 1789 414 1853 ad
433 1785 572 1867 monim,
596 1809 660 1872 quo
682 1786 819 1852 subinde
840 1787 924 1852 verti
938 1804 1020 1852 'mox
1042 1785 1224 1873 adparebit,
1243 1787 1317 1854 talis

191 1890 356 1976 aptissima
378 1901 448 1970 est,
479 1890 538 1956 sed
559 1890 723 1955 oculorum
745 1910 872 1973 quoque
893 1887 1101 1974 probatione,
1132 1887 1219 1973 quod
1240 1910 1318 1954 con-

191 2014 293 2058 vexus
315 1993 505 2079 mediusque
528 2014 730 2076 quacumque
752 2001 922 2069 cernatur,
955 2012 1029 2056 cum
1055 1990 1090 2054 id
1116 1988 1263 2055 cocidere
1282 1989 1318 2054 in

192 2093 255 2160 alia
275 2116 339 2158 non
359 2094 461 2181 possit
481 2093 596 2181 figura.

233 2193 296 2259 HI.
329 2195 359 2259 3.
381 2192 478 2259 Hanc
500 2215 577 2279 ergo
591 2193 727 2258 formam
742 2193 811 2258 eiua
827 2203 957 2259 aeterno
972 2205 1005 2258 et
1018 2193 1199 2277 inrequieto
1212 2193 1315 2283 ambi·
1330 2213 1346 2257 c

193 2309 228 2361 tu
240 2345 249 2375 ,
271 2295 475 2362 inenarrabili
499 2295 687 2373 eeleritate,
718 2295 834 2381 viginti
861 2305 1014 2380 quattuor
1038 2296 1189 2362 horamm
1213 2295 1317 2381 spatio

197 2398 374 2486 circumagi
404 2397 478 2464 eolis
506 2407 637 2463 exortus
664 2406 698 2462 et
724 2417 857 2462 occasus
882 2396 964 2460 haut
990 2397 1124 2463 dubium
1146 2396 1315 2480 reliquere.

191 2498 248 2563 An
276 2498 319 2564 sit
346 2498 513 2565 inmensus
540 2508 574 2565 et
600 2498 673 2564 ideo
703 2520 832 2563 sensum
861 2498 985 2564 amium
1015 2498 1176 2565 excedens
1208 2509 1317 2563 tantae

147 2688 151 2705 ,
237 2655 387 2702 occursuro,
405 2640 527 2704 PTbog.
563 2652 724 2698 oeeereurae,
749 2655 771 2688 a.
812 2640 863 2690 sint
887 2655 1046 2700 occursurae,
1069 2656 1089 2689 r.
1120 2679 1152 2689 ..
1182 2635 1316 2699 desiderio,

191 2777 243 2841 Pg.
261 2784 285 2827 et
296 2774 429 2838 desiderio,
441 2776 517 2826 de.
531 2724 561 2824 ii
567 2775 666 2836 ciderio,
679 2791 701 2824 o.
719 2775 744 2824 si
756 2772 843 2836 deerit,
854 2792 874 2825 r.
892 2776 1058 2827 Scribenoum
1069 2775 1168 2824 videtur
1178 2788 1315 2823 occursum

191 2858 204 2891 e
217 2840 385 2906 desidemomt
394 2860 528 2894 occursura
539 2843 572 2893 sit
583 2843 700 2893 obsolute
709 2845 867 2904 sumendum,
877 2844 930 2894 scil.
939 2842 1086 2894 hominibus
1095 2840 1271 2921 cogitantibus.
1282 2879 1314 2889 .-

435 2936 437 2939 '
1060 2935 1075 2963 α

192 2977 293 3042 aliquio,
304 2995 325 3029 r.
344 3017 376 3028 ...
395 2975 455 3029 laec
467 2977 589 3041 infinitae,
601 2979 652 3028 Pu
671 2977 785 3042 irfinitao
798 2976 866 3041 laec,
878 2995 903 3043 p.
923 2976 966 3029 loe
977 2976 1091 3042 irfinitic,
1102 2994 1126 3028 a.
1144 2978 1187 3028 loc
1198 2975 1316 3039 infinitae,

191 3048 237 3109 bg.
254 3046 315 3096 loeo
326 3043 435 3110 infinitis,
448 3045 479 3095 Τ.
489 3087 520 3095 -
532 3043 656 3110 orificiis,
669 3046 700 3096 Τ.
712 3087 743 3096 ..
753 3043 817 3096 idem
829 3045 898 3109 illud,
910 3048 954 3097 ad.
974 3045 1038 3096 ittae
1049 3045 1119 3107 idem,
1131 3037 1273 3108 Pbgostr.
1285 3082 1316 3091 -

192 3113 218 3162 in
230 3128 288 3173 eno,
300 3114 387 3177 obdg.
407 3112 486 3174 immo,
498 3114 528 3163 P.
823 3133 825 3136 ⁴
920 3120 923 3127 ’

226 3177 240 3240 ξ
254 3187 277 3229 4.
296 3188 354 3230 eota
370 3180 430 3242 sint,
447 3181 535 3244 abdg.
558 3180 611 3231 siet
627 3191 692 3243 nota,
709 3178 787 3247 Ρβγ.
807 3223 838 3232 ..
857 3181 943 3243 allius,
959 3183 1063 3244 abdgp
1080 3175 1212 3243 (Robert)
1237 3176 1316 3238 illiue,

191 3248 242 3308 Po,
268 3248 295 3297 in
316 3262 394 3311 quam
413 3249 550 3299 lectionem
568 3250 647 3301 Hord.
668 3250 814 3300 coniectura
832 3251 928 3302 incidit.
948 3290 978 3298 ..
998 3258 1043 3301 ant
1058 3249 1139 3309 miror,
1152 3246 1252 3308 S'I'dg.
1263 3252 1318 3300 ,aut

220 3342 228 3368 1

192 3399 277 3445 meror,
298 3385 342 3433 nb.
369 3392 421 3445 out,
441 3378 514 3435 Ρθσ
532 3382 663 3449 (Robert.)
688 3388 734 3436 cat
752 3393 899 3447 mereantur,
911 3401 931 3435 r.
951 3425 982 3434 ..
1009 3382 1117 3446 luminu,
1138 3384 1184 3433 ab.
1201 3374 1316 3442 homiues,

192 3450 308 3514 Sngr.
327 3449 435 3501 homines
445 3452 550 3517 possint,
562 3448 660 3519 Pope
669 3449 801 3516 (Robort.)
820 3494 851 3503 ..
870 3452 957 3514 videri,
969 3454 993 3502 d.

226 3517 278 3579 §5-
301 3519 434 3583 globosam,
454 3522 487 3570 K.
516 3561 547 3570 ..
575 3521 648 3586 quod]
667 3521 697 3571 P.
717 3523 830 3587 -1'pse,
851 3522 933 3571 omitt.
955 3535 1000 3585 gp.
1029 3559 1060 3568 ..
1087 3533 1234 3585 compopnm,
1255 3519 1319 3580 dpo

193 3583 323 3649 (Robcrt)
346 3588 504 3654 componam,
521 3591 565 3638 ab.
589 3605 656 3653 comp
694 3587 763 3650 ‘naen
778 3583 879 3653 Pgssr.
908 3629 940 3638 ..
965 3585 1101 3644 interitum,
1119 3586 1163 3636 b¹.
1188 3626 1220 3634 -
1244 3583 1316 3644 verti,

193 3654 420 3718 STPabslgpro.
441 3657 506 3723 verti
519 3655 606 3707 debeat
621 3665 654 3717 ot,
693 3668 720 3720 γ.
744 3697 775 3705 -
798 3673 861 3718 moe,
878 3671 929 3706 om.
941 3657 970 3706 P.
990 3696 1021 3704 -
1041 3653 1122 3716 vertit,
1134 3669 1159 3717 g.
1179 3693 1210 3702 -
1225 3653 1317 3718 probo-

193 3724 257 3772 tione
270 3719 315 3772 loc
326 3720 475 3784 declaratur,
487 3740 507 3772 r.
527 3765 558 3775 -
579 3737 714 3784 connexus,
726 3737 751 3787 p.
771 3763 802 3772 ..
821 3725 984 3788 quatumque,
996 3725 1026 3774 P.

227 3786 278 3848 §o
306 3789 449 3854 relinquere,
470 3806 495 3854 p.
523 3830 555 3841 ..
581 3792 622 3841 An
643 3799 722 3841 entem
737 3794 778 3853 eit,
791 3809 810 3840 r.
834 3833 865 3841 -
889 3792 1015 3852 excedam,
1031 3792 1077 3841 Td
1093 3784 1226 3851 (Robert.)
1247 3802 1316 3837 exee-

259 3872 324 3918 facile

194 3925 253 3972 dens
322 3941 363 3984 ,a
393 3925 609 3990 excedens-soene,
632 3928 678 3990 bg.
697 3926 781 3991 facile
801 3928 928 3988 excedens,
949 3920 1005 3986 Pss.
1034 3967 1064 3974 -
1093 3933 1198 3985 rotatae,
1211 3924 1316 3973 Burbu.

183 3987 248 4039 ‘abd
254 4003 280 4052 g.
299 3998 389 4051 rotata,
405 3993 439 4042 K.
462 4001 555 4055 rotare,
571 3994 600 4043 P.
625 4035 655 4042 -
679 3994 805 4056 assiduus,
822 4011 841 4044 r.
862 4037 892 4044 -
903 3995 994 4059 focile,
1008 4009 1058 4042 om.
1071 4009 1099 4055 a;
1118 3994 1214 4043 addidit
1226 4007 1317 4042 monuo

192 4058 279 4106 ultera.
304 4099 334 4106 -
359 4059 480 4122 duxerim,
500 4061 529 4111 P.
555 4103 585 4110 ..
609 4058 726 4124 Hercule,
747 4064 833 4127 abdg.
860 4063 959 4123 Hercle,
980 4056 1056 4125 Ρβγ.
1077 4103 1107 4109 -
1127 4059 1223 4120 similis,
1235 4060 1264 4110 P.
1285 4100 1315 4109 .-

88 4139 90 4143 ·
192 4124 281 4183 ἀαῐεὶε,
299 4118 508 4191 TOPabdgro.
527 4128 601 4190 dulei,
613 4130 717 4181 Barbor.
729 4127 758 4192 β.
779 4172 809 4180 -
829 4129 935 4194 quidem,
949 4124 1115 4192 8a²bogre
1136 4124 1268 4192 quaedam,
1285 4127 1315 4177 P·

192 4192 298 4257 quidem,
312 4188 379 4254 α’β.
399 4235 430 4242 ..
449 4193 604 4260 intelliqtoe'li
615 4214 644 4257 a,
655 4199 685 4248 P.
709 4197 862 4249 incredibilis
874 4198 1011 4258 suavitatis,
1025 4190 1053 4247 θ.
1074 4239 1104 4246 .-
1124 4203 1260 4261 conceptu,
1272 4211 1288 4244 a
1298 4197 1314 4243 ¹.

192 4269 320 4313 contemne.
338 4260 456 4311 Sabellio.

225 4328 248 4389 l.
264 4334 285 4381 7.
309 4329 414 4394 opimae,
431 4330 534 4380 Bnrbar.
561 4334 626 4396 adg‘.
659 4332 763 4397 agimur,
781 4334 853 4385 Pbe.
878 4373 908 4382 ..
933 4334 966 4397 in,
984 4349 1035 4384 om.
1051 4335 1080 4385 P.
1101 4374 1132 4385 ,.
1151 4332 1215 4394 eiua,
1231 4331 1261 4384 1².
1282 4371 1314 4380 ..

1195 4420 1204 4457 s
