2888 4794
450 337 521 383 nm.
537 335 584 383 vr.
616 333 694 382 cnr.
710 333 799 381 xxu.
830 331 928 381 suen.
944 334 974 377 a
1207 313 1270 377 433

150 511 212 575 que
235 509 345 554 earum
367 497 483 554 terram
504 484 682 571 petentium
704 484 903 550 comitantur.
926 481 998 550 Neo
1018 483 1091 568 plus
1107 481 1272 567 quaternis

149 588 314 656 mensibus
342 589 377 654 in
405 611 488 655 anno
514 587 679 675 navigant.
715 583 842 652 Carent
868 609 887 650 a
915 584 1049 652 solstitio
1074 590 1226 651 maxume
1253 606 1272 650 c

150 691 234 769 dies,
264 700 342 755 tunc
362 690 416 756 illo
437 687 517 753 mari
539 683 682 752 hiberno.
715 683 882 753 Hactenus
905 709 924 751 a
945 686 1059 773 priscis
1080 697 1272 763 memorata;
1287 706 1319 750 ee
1409 730 1418 734 -

149 792 242 857 nobis
269 791 452 877 diligentior
477 789 591 855 notitia·
621 786 738 853 Claudi
767 788 951 875 principatu
980 788 1128 876 contigit,
1141 846 1144 852 .
1157 787 1274 878 legatis

151 893 247 959 etiam
259 915 310 959 ex
332 915 371 957 ea
390 893 495 966 insula
516 890 670 957 advectis.
692 890 733 955 Id
754 891 873 957 accidit
889 890 951 957 hoc
965 891 1070 955 modo.
1092 890 1184 954 Anni
1196 887 1273 956 Plo·

151 994 248 1072 cami,
272 994 329 1077 qui
357 993 453 1058 maris
481 992 572 1058 rubri
597 992 736 1079 vectigal
765 1016 784 1058 a
810 992 888 1060 fisco
917 993 1112 1072 redemerat,
1141 992 1275 1076 libertus

152 1098 238 1164 cirea
258 1094 415 1161 Arabiam
435 1094 606 1183 navigans,
632 1094 836 1179 aquilonibus
856 1106 1118 1182 raptuspraeter
1140 1092 1274 1160 Carma-

151 1195 247 1276 niam,
269 1220 324 1261 xv.
341 1196 393 1260 die
406 1194 574 1281 Hippuros
595 1205 725 1281 portum
747 1195 817 1261 eius
838 1196 996 1275 invectus,
1018 1194 1168 1283 hospitali
1188 1195 1275 1283 regis

100 1278 106 1292 ι
153 1296 321 1363 clementia
342 1319 378 1361 vr
399 1300 546 1360 mensum
568 1299 711 1382 tempore
732 1295 876 1360 imbutus
890 1290 1050 1381 adloquio,
1073 1294 1276 1382 percontanti

151 1408 265 1483 postea
285 1398 428 1463 narravit
448 1397 609 1471 Romanos
632 1401 670 1462 et'
687 1394 870 1464 Caesarem.
892 1397 1015 1464 Mirum
1036 1399 1070 1463 in
1091 1386 1223 1465 modum
1242 1398 1276 1463 in
1291 1416 1322 1460 as

152 1499 271 1564 auditis
296 1497 454 1563 iustitiam
480 1499 535 1564 illc
563 1499 724 1583 suspexit,
756 1500 844 1589 quod
869 1499 964 1584 pares
990 1500 1133 1584 pondere
1155 1499 1277 1565 denarii

153 1608 260 1663 essent
280 1598 315 1662 in
337 1599 465 1683 captiva
485 1597 634 1682 pecunia,
658 1619 732 1660 eum
754 1597 901 1662 diversae
921 1599 1279 1684 imagines‘indicarent

117 1724 121 1730 ·
153 1723 173 1764 a
199 1699 346 1785 pluribus
374 1699 475 1762 factos
482 1723 491 1775 3
523 1706 556 1761 et
576 1697 637 1761 hoc
657 1718 807 1762 maxume
829 1698 1019 1763 sollicitatus
1041 1700 1083 1764 ad
1104 1700 1278 1766 amicitiam

151 1803 274 1887 legatos
295 1823 331 1863 1v
350 1797 449 1875 misit,
472 1797 618 1883 principe
634 1819 749 1862 veorum
769 1797 901 1864 Rachia.
934 1798 987 1863 Ex
1008 1800 1049 1865 iis
1069 1803 1234 1890 cognitum
1255 1826 1277 1867 n

154 1923 225 1966 esse
248 1900 376 1986 oppida,
399 1910 529 1986 portum
551 1894 662 1964 contra
682 1899 852 1964 meridiem
873 1900 1056 1987 adpositum
1078 1902 1197 1988 oppido
1210 1902 1277 1968 Pa-

151 2000 351 2066 laesimundo
383 1999 526 2064 omnium
556 1998 603 2064 ibi
635 1998 820 2079 clarissimo,
855 2023 893 2065 ac
924 2001 1031 2089 regia
1048 2023 1086 2066 cc
1107 2027 1132 2067 rr
1163 2004 1277 2090 plebis.

155 2101 315 2190 Stagnum
337 2103 423 2165 intus
444 2100 598 2188 Megisba
620 2122 769 2165 ccccxxv
782 2124 808 2165 m
827 2125 860 2188 p.
883 2103 1016 2182 ambitu,
1031 2103 1153 2171 insulas
1167 2106 1278 2192 pabuli
1292 2120 1324 2165 sc

154 2214 279 2268 tantum
300 2202 414 2284 fertilis
437 2202 637 2287 conplexum.
660 2200 713 2264 Ex
736 2224 773 2267 eo
796 2202 875 2268 duos
897 2203 999 2268 amnis
1019 2193 1197 2292 erumpere,
1212 2204 1278 2272 Pa·-

153 2304 386 2369 laesimundum
411 2304 501 2368 iuxta
526 2303 683 2388 oppidum
710 2302 856 2368 eiusdem
879 2303 1016 2369 nominis
1037 2306 1224 2372 influentem
1244 2308 1278 2372 in

152 2415 281 2490 portum
302 2428 339 2469 111
360 2404 468 2484 alveis,
491 2427 515 2468 v
537 2403 713 2469 stadiorum
727 2404 897 2482 artissimo,
916 2428 962 2469 xv
976 2407 1181 2492 amplissimo,
1197 2409 1277 2474 altea

152 2529 225 2581 rum
251 2506 304 2597 ad·
321 2505 555 2591 septentriones
581 2504 772 2588 Indiamque
798 2527 945 2583 versum,
981 2505 1113 2591 Cydara
1140 2510 1278 2576 nomine.

152 2604 351 2672 Proxumum
380 2628 451 2670 esse
476 2604 589 2668 Indiae
617 2603 869 2688 promontorium
895 2606 983 2687 quod
1010 2617 1144 2672 vocetur
1167 2607 1276 2674 Colia-¹

154 2729 237 2785 cum,
262 2706 426 2789 quatridui
446 2703 661 2789 navigatione,
683 2700 790 2766 medio
811 2702 846 2766 in
867 2725 965 2768 cursu
987 2702 1072 2772 Solis
1093 2707 1199 2773 insula
1220 2732 1276 2775 oo·

154 2818 311 2875 currente.
354 2804 448 2889 Mare
480 2804 515 2868 id
548 2804 653 2895 colore
685 2791 855 2903 perviridi,
888 2814 1057 2899 praeterea
1087 2807 1276 2888 fruticosum
1290 2828 1321 2874 er
1368 2883 1372 2890 Ι

153 3013 334 3079 Arriplocamue,
350 3015 417 3064 Βοὴ.
436 3053 467 3060 ..
486 3009 617 3078 υοοτίραῑία
624 3010 699 3074 flacc,
715 3012 782 3062 Rob.
799 3052 831 3062 -
852 3009 1020 3078 Carmaniam,
1032 3019 1063 3069 R.
1087 3014 1276 3082 Carminiam,d

154 3080 240 3144 (codd.
250 3082 357 3132 Salmas.
370 3095 451 3130 exerc.
463 3094 488 3143 p.
503 3082 559 3129 786.
571 3095 594 3128 a.
608 3075 653 3140 G.)
670 3074 820 3141 Amanium,
831 3081 896 3131 Βοὴ.
910 3123 942 3130 ..
960 3083 1054 3145 diebus,
1066 3088 1090 3135 d.
1108 3128 1140 3136 -
1159 3104 1275 3143 maneum.

153 3151 185 3200 R.
204 3149 325 3210 mensium,
337 3143 408 3212 dssr.
422 3188 453 3196 -
466 3149 648 3211 percunctanti,
660 3148 727 3198 Βοὴ.
742 3148 905 3213 percontandi,
917 3150 972 3200 Rd.
989 3191 1021 3201 -
1038 3154 1160 3218 nonant,
1171 3148 1254 3207 ΒΘΤ
1259 3161 1276 3208 d

153 3213 246 3277 (Βοὴ.)
265 3215 397 3276 enarravit,
408 3210 436 3276 β.

187 3281 202 3342 ξ
216 3289 255 3333 85.
273 3283 331 3333 Βοὴ
343 3292 420 3332 cutem
437 3281 531 3343 mirum,
542 3283 575 3333 K
595 3323 626 3332 -
645 3280 669 3330 in
684 3281 787 3344 modum,
804 3285 871 3333 Rob.
893 3285 994 3346 modum,
1006 3288 1061 3337 Rd.
1080 3328 1113 3338 ..
1131 3291 1157 3339 in
1169 3285 1288 3353 cuditis,

152 3351 256 3401 Barbar.
273 3354 289 3401 d
306 3348 397 3413 (Βοὴ.)
424 3349 554 3408 inauditis,
570 3344 600 3410 β.
623 3349 649 3396 in
667 3348 777 3408 auditur,
793 3351 825 3398 Β.
848 3349 914 3399 inter
930 3351 1028 3411 audita,
1046 3355 1079 3402 K.
1098 3394 1130 3403 -
1147 3357 1274 3414 imarum.

152 3419 217 3467 Βοὴ.
243 3420 346 3478 institia,
358 3420 390 3468 R.
416 3417 522 3475 iueticr'a,
535 3418 559 3463 d.
585 3412 703 3464 iustitiam
714 3413 955 3465 Romanorumeucm
967 3421 1090 3481 eusp.,K.
1109 3461 1141 3470 -
1155 3439 1238 3486 pares,
1250 3428 1274 3475 d.

149 3484 230 3546 parm,
242 3487 273 3534 R.
290 3483 357 3546 pari,
368 3484 434 3532 Rob.
454 3521 485 3529 ..
495 3480 586 3543 factos
598 3488 628 3541 et,
641 3481 657 3528 d
669 3475 762 3543 (Βοὴ.)
771 3481 858 3543 suctos
870 3499 907 3542 en,
920 3483 965 3532 1³².
977 3485 1050 3547 sacto
1062 3502 1100 3547 er,
1111 3489 1156 3537 12¹.
1170 3529 1202 3537 ..
1220 3489 1274 3539 lta-

153 3546 238 3608 claia,
249 3550 282 3597 R.
301 3587 333 3596 ..
352 3546 399 3608 lrr's,
415 3549 482 3596 Βοὴ.
501 3587 533 3595 ..
551 3544 752 3609 Palaesimundo,
769 3549 836 3599 Pint.
853 3551 907 3600 Rd.
929 3549 1115 3615 Palaeimnndo,
1128 3549 1158 3615 β.
1181 3555 1274 3607 Pelori·

152 3614 249 3674 mundo,
265 3614 330 3664 Βοὴ.
350 3654 382 3662 ..
400 3613 479 3678 repta,
495 3615 568 3664 Bru
585 3611 670 3676 (codd.
687 3613 797 3666 Salmas.
810 3631 891 3666 exerc.
903 3633 929 3681 p.
944 3621 1000 3670 786.
1013 3621 1037 3669 ὴ.
1051 3619 1094 3684 O.)
1121 3621 1194 3688 reqio,
1206 3625 1273 3674 Βοὴ.

153 3680 245 3746 repiae,
257 3675 286 3741 β.
310 3683 409 3745 rapiam,
425 3695 443 3744 γ
458 3682 520 3730 vitio
534 3697 674 3746 operarum.
694 3681 813 3733 Ceterum
824 3685 889 3734 haec
899 3687 983 3748 verba,
1002 3702 1066 3750 quae
1077 3704 1122 3753 per
1133 3692 1275 3753 sequidem

152 3748 251 3796 nullam
261 3748 316 3796 vitii
328 3749 497 3811 suspicionem
508 3756 620 3806 movent,
633 3749 703 3798 omni
718 3766 788 3800 nexu
799 3753 966 3814 grammatico
978 3770 1038 3804 cum
1049 3757 1220 3819 superioribus
1232 3773 1273 3808 cn-

152 3815 576 3933 fft’und⁰⁰⁰ndi⁰i1„f⁸⁰ss⁶p⁰oe⁸t'
587 3817 713 3866 nonnulla
719 3819 763 3867 hic
770 3833 839 3882 pone
849 3833 940 3869 vocem
951 3821 1093 3872 clarissimo
1102 3825 1233 3876 excidisse.
1242 3851 1273 3874 .ν.

186 3896 237 3938 ‚ex
255 3883 330 3932 unxit
360 3899 375 3931 a
412 3899 447 3932 as.
808 3894 813 3898 '
1133 3900 1136 3907 ’

187 3897 255 4008 §ddi
277 3948 427 3999 CCCLXX
431 3948 460 4011 V,
475 3941 576 4000 ΒθΤά
592 3947 684 4012 (Βοὴ.)
709 3946 838 4002 OOLXX
842 3951 870 4013 V,
887 3948 917 4014 β.
934 3995 967 4004 -
986 3957 1086 4019 ambitu,
1104 3959 1170 4008 Βοὴ.
1194 3961 1273 4010 ambi.

153 4025 208 4075 tum,
220 4015 272 4066 Βᾱ.
287 4057 318 4065 -
335 4014 546 4079 Paleeimundum,
562 4018 627 4068 Βοὴ.
644 4013 673 4079 β.
693 4057 724 4066 ..
738 4028 847 4082 pentum,
863 4013 896 4070 θ.-
911 4061 943 4071 ..
962 4023 1093 4086 urtieeimo,
1105 4028 1157 4076 Ru.
1177 4026 1272 4079 altirei-

151 4099 197 4144 mo,
208 4083 275 4133 Βοὴ.
299 4082 441 4144 arctissimo,
452 4080 503 4148 βγ.
523 4123 556 4135 ..
573 4085 754 4150 septentriones,
765 4078 863 4137 ΒθΤᾶ
874 4085 967 4152 (Βοὴ.)
989 4093 1182 4156 septentrionem,
1192 4090 1221 4156 β.
1240 4136 1272 4146 ..

151 4159 263 4275 queretur,
275 4152 327 4201 Td.
338 4191 369 4200 ..
380 4146 509 4268 Crthiacnn
521 4152 589 4202 Pint.
601 4155 634 4202 ad
644 4153 706 4203 Mel.
715 4150 764 4202 m
776 4156 799 4214 7,
809 4158 832 4204 5.
850 4153 1009 4208 Confirmant
1017 4151 1126 4211 ΒθΤᾱ.
1144 4160 1272 4224 Colaicun,

175 4252 180 4264 .
202 4259 232 4266 ..
251 4218 391 4278 incurrente,
431 4220 454 4267 d.
1141 4264 1145 4271 .

151 4283 200 4399 P¹§
213 4290 259 4400 sti
278 4285 310 4348 in,
323 4286 366 4335 Rd
383 4282 475 4347 (Βοὴ.)
496 4324 525 4334 ..
537 4286 693 4350 sruen’coeie,
705 4288 737 4337 T.

174 4365 227 4400 nne.
260 4388 266 4400 .
