2888 4794
608 303 799 347 baruntulo.
1151 304 1268 346 LXXVII

142 467 243 520 eturas
253 456 448 535 protulerunt,
457 474 525 515 cum
535 457 733 515 additamento
744 456 847 532 „apud
858 454 1099 529 Daleosmpium”
1110 456 1158 515 vel
1169 459 1271 533 „apud

144 567 328 629 Broterium”
343 567 492 641 leguntur,
508 583 633 641 quorum
645 574 769 641 uterque
783 565 898 625 criticos
911 566 1149 625 commemoravit
1158 565 1272 626 frustra

144 699 164 738 a
176 698 224 738 me
238 678 397 753 quaesitas.
419 675 452 733 A
462 675 654 753 Dalscampio
668 676 853 752 potissimum
864 673 1007 749 Scaligeri
1021 681 1051 734 ct
1060 674 1182 735 Roberti
1192 674 1270 736 Con·

145 787 265 848 steutini
279 787 462 847 coniecturae
476 787 677 864 proferuntur,
699 806 719 845 a
731 784 870 845 Broterio
883 785 1011 856 Petavii‚
1025 784 1141 855 Huetii3
1160 785 1205 844 illi
1220 787 1272 845 ubi

146 899 328 958 coniecturas
343 914 413 955 suas
427 897 579 971 ediderint,
600 899 698 955 locum
713 895 850 970 quamvis
865 895 969 953 sedulo
984 912 1128 969 quaerens
1141 896 1272 971 reperire

146 1027 206 1069 non
219 1008 318 1085 potui,
344 1015 380 1066 ut
399 1008 453 1066 vix
472 1007 603 1067 dubitem
622 1005 843 1082 Daleeampium
864 1005 1042 1064 adversariis
1061 1004 1180 1063 illorum
1194 1007 1273 1065 viro·

147 1138 213 1178 rum
227 1135 317 1176 manu
332 1117 448 1193 scriptis
462 1136 551 1176 usum
564 1116 667 1188 fuisse,
682 1116 734 1174 sed
748 1134 786 1175 ex
800 1115 912 1175 saeculi
925 1115 1007 1174 illius
1017 1132 1098 1173 more
1111 1114 1167 1173 hoc
1177 1117 1273 1175 dicere

148 1246 400 1305 supervacaneum
417 1228 575 1299 habuisss;
600 1225 753 1285 Broterius
773 1226 804 1285 in
829 1225 1010 1304 praelatione
1033 1244 1063 1302 p.
1082 1224 1190 1285 XXII.
1211 1227 1275 1303 ipse

148 1344 272 1399 testatur
296 1355 330 1397 se
348 1338 453 1397 Huetii
469 1343 499 1396 et
512 1338 627 1396 Petavii
641 1337 811 1396 adversaria
824 1337 862 1395 ad
880 1354 1002 1395 manum
1021 1336 1169 1395 habuisse.
1197 1335 1275 1396 Con·

148 1466 269 1507 sensum
287 1448 443 1522 utriusque
460 1448 595 1505 editionis
617 1443 659 1528 βγ
679 1447 829 1506 interdum
846 1447 879 1505 in
892 1447 989 1506 verbis
1003 1448 1203 1506 commentarii
1218 1449 1276 1507 mei

148 1577 205 1635 pen
216 1576 319 1617 vocem
333 1556 467 1632 „vulgo”
481 1557 662 1634 signifiesvi3
677 1563 749 1615 nota
761 1565 859 1616 eutem
871 1553 888 1638 β
899 1557 1019 1615 minime
1029 1557 1085 1616 hoo
1096 1557 1172 1631 vult,
1183 1557 1276 1617 Dala-

148 1669 298 1745 campium
308 1668 436 1744 primum
447 1666 942 1745 esmlactionem,cuiillsepposits
948 1674 1003 1739 est,
1009 1667 1162 1744 recepisse,
1170 1686 1276 1728 verum

151 1778 355 1836 tantummodo
374 1777 455 1852 apud
472 1775 699 1854 Dalocampium
720 1795 785 1835 eam
804 1777 947 1848 inveniri,
972 1796 1061 1853 posse
1079 1795 1145 1834 eam
1165 1777 1224 1835 iam
1244 1778 1276 1835 in

151 1886 329 1945 editionibus
342 1887 491 1963 prioribus
506 1893 634 1956 exstare,
654 1892 684 1944 et
697 1886 956 1962 Dalseampianam
969 1887 1057 1945 modo
1071 1885 1165 1943 basim
1184 1886 1276 1944 bisto-

151 1995 247 2053 ricam
265 2014 348 2055 msae
370 1996 549 2055 recensionis
568 1995 732 2054 habendam
747 2013 821 2066 esse,
844 1996 987 2071 adquam
1005 2005 1040 2054 ut
1059 1995 1172 2054 fontem
1191 1995 1277 2055 nobis

144 2104 281 2184 primum
301 2105 463 2182 scriptume
482 2105 623 2181 vulgatae
639 2105 723 2163 redii.
755 2105 803 2163 Ita
820 2105 852 2163 in
872 2105 964 2164 indice
984 2106 1053 2164 libri
1071 2101 1123 2164 21.
1143 2103 1278 2164 lemmati

160 2216 286 2287 Vestino,
306 2233 361 2292 pro
375 2234 434 2290 quo
448 2216 561 2274 codices
575 2215 634 2274 alia
648 2215 797 2288 exhibent,
812 2216 993 2293 adscriptum
1008 2224 1052 2274 cst
1065 2234 1172 2274 nomen
1184 2215 1277 2274 Dele-

154 2324 271 2402 campii,
292 2342 473 2400 quamquam
490 2326 543 2385 illa
562 2326 649 2385 lectio
669 2344 741 2385 vera
760 2325 820 2384 iam
837 2325 868 2384 in
889 2326 1065 2385 editionibus
1078 2325 1277 2403 superioribus

154 2441 261 2495 exstat.
275 2433 417 2512 Magnam
430 2436 611 2511 diligentiam
624 2436 850 2513 interpunctioni
862 2444 893 2494 et
905 2437 1103 2497 emendandse
1117 2446 1147 2496 et
1160 2438 1278 2514 aequali

154 2546 320 2605 reddendae
332 2546 465 2619 sdbibui,
480 2564 570 2621 quam
580 2547 787 2620 aequalitatem
802 2547 828 2605 si
838 2565 898 2604 non
908 2547 1017 2621 ubique
1028 2555 1175 2607 servatam
1184 2550 1278 2609 lector

155 2656 277 2729 viderit,
297 2657 345 2715 hio
365 2672 482 2730 quoque
498 2655 641 2716 ambitum
663 2657 759 2732 operis
778 2663 808 2713 et
827 2656 1063 2731 perspicuitatem
1084 2675 1208 2731 excuso,
1230 2660 1279 2718 cui

155 2765 321 2843 aliquoties,
340 2765 372 2824 in
385 2765 567 2842 longioribus
585 2764 772 2841 potissimum
791 2764 1047 2836 enuntiationibus,
1062 2767 1279 2826 concedendum

156 2874 222 2937 tuit
249 2874 400 2949 Quantum
414 2894 486 2934 vero
505 2893 571 2932 mea
589 2873 817 2951 interpungendi
836 2874 914 2933 ratio
932 2876 971 2933 ab
990 2874 1144 2949 hucusque
1163 2883 1280 2952 recepta

157 2986 198 3044 sit
205 2986 326 3045 diversa
335 2993 365 3044 et
376 2992 450 3061 quot
458 2984 532 3042 locis
542 3003 596 3062 per
605 2991 749 3043 mutatam
758 2984 1021 3062 interpunctionem
1036 2984 1091 3043 lux
1101 2986 1140 3045 sit
1150 2980 1279 3059 admota,

29 3125 35 3137 =
157 3103 222 3154 turn
234 3096 353 3155 demum
367 3094 491 3170 intelligi
504 3101 611 3171 potest,
632 3095 659 3154 si
677 3114 775 3154 meam
792 3096 949 3155 editionem
967 3115 1038 3155 oum
1049 3095 1280 3173 Dalecampiana

158 3204 384 3265 vslBroteriana
393 3207 555 3283 perplures
567 3206 703 3283 deinceps
714 3207 838 3282 paginas
848 3208 973 3283 legendo
986 3226 1148 3284 compares,
1154 3228 1222 3268 cum
1232 3211 1281 3269 vel

156 3317 375 3401 seoumtissima
389 3316 545 3394 descriptio
560 3316 738 3377 diversitatis
752 3318 914 3391 scripturae
928 3318 959 3376 in
974 3321 1183 3378 commentario
1198 3321 1281 3380 insti·

157 3423 549 3500 tutabocdocsrenequeat.
572 3426 616 3486 Ut
626 3434 725 3484 autem
735 3442 795 3483 uno
806 3426 911 3484 obtutu
922 3426 1015 3486 lector
1023 3433 1191 3502 cognoscat,
1209 3434 1282 3505 quot

157 3531 216 3593 loci
233 3552 287 3610 per
305 3536 488 3596 coniecturas
507 3543 560 3595 aut
579 3535 705 3594 aliorum
726 3541 779 3593 aut
799 3552 880 3594 meas
902 3537 962 3595 sint
981 3539 1138 3611 emendati,
1160 3541 1191 3597 in
1210 3550 1282 3614 quot

156 3643 230 3703 locis
243 3645 421 3722 scripturam
434 3646 588 3722 vulgatam
600 3641 768 3726 pinnatam
782 3646 949 3720 reliquerim
960 3657 1012 3706 aut
1026 3650 1064 3707 sd
1075 3667 1141 3707 eam
1151 3651 1189 3705 ab
1200 3648 1280 3706 Her·

158 3754 249 3814 duino
263 3757 426 3834 neglectam
439 3757 585 3828 redierim,
600 3764 673 3831 quot
691 3755 818 3831 denique
832 3756 890 3815 loci
903 3759 1033 3816 nondum
1047 3757 1197 3834 persanati
1208 3758 1281 3816 mihi

159 3863 325 3939 videantur,
340 3867 409 3926 huic
423 3867 544 3925 editioni
554 3883 665 3925 novum
676 3863 805 3940 aliquem
816 3866 950 3938 indicem,
966 3884 1053 3940 quem
1065 3867 1196 3925 criticum
1208 3867 1280 3940 dixi,

157 3974 264 4049 adieci,
282 3978 320 4036 de
338 3978 423 4036 ouius
444 3976 557 4035 ratione
577 3975 637 4033 iam
655 3975 757 4051 paucis
776 3975 874 4035 verbis
889 3983 934 4034 est
946 3976 1156 4036 disserendum.
1179 3975 1282 4038 Solent

156 4102 239 4145 nuno
258 4087 384 4147 editores
402 4085 525 4162 singulis
545 4085 642 4145 verbis
666 4093 720 4144 aut
738 4086 904 4144 coniectura
922 4087 1030 4146 senatis
1049 4096 1103 4147 aut
1122 4087 1281 4148 etiamnum

160 4196 310 4272 corruptis
329 4197 361 4257 in
381 4199 445 4274 ipsa
462 4197 541 4256 serie
557 4197 694 4256 orationis
710 4214 822 4269 nuces,
842 4196 1006 4271 asteriscos,
1028 4199 1131 4260 obelos
1145 4200 1281 4276 praemit·
1371 4260 1377 4269 ,
