2888 4794
187 265 256 308 xus
654 262 845 309 mutulo·

78 496 88 511 ,
228 419 279 478 Ex
299 419 398 479 oodioe
415 417 495 478 setis·
507 416 690 477 memorabili
708 424 848 494 exoerpte
868 434 924 478 sue
943 413 1080 477 Plinisuu
1098 418 1233 481 Isidorus
1251 420 1313 481 Hi·
1376 449 1381 457 ·

185 530 327 606 spalensis
340 528 467 606 sumpsit
479 527 511 587 in
524 527 767 607 etymologiarum
780 526 873 601 libris,
893 527 931 588 de
945 527 1026 587 ouius
1040 528 1150 606 operis,
1170 529 1215 590 uti
1234 548 1313 591 nuno

185 637 320 712 hebetur,
338 638 511 699 auctoritate
529 637 560 697 iu
578 638 678 699 Plinio
697 637 879 697 emendando
898 636 1017 698 diifioile
1036 646 1084 698 est
1100 638 1242 700 iudicatu.
1274 639 1313 700 Id

185 751 241 809 boo
260 749 327 809 loeo
344 749 465 809 uberius
488 765 635 825 exponere
657 748 779 826 longum
803 755 849 807 est
873 756 903 808 et
926 747 1020 808 subus
1044 748 1161 809 ridetur
1185 750 1312 811 lectores

185 876 311 934 quorum
330 857 424 918 refert
440 858 479 917 ud
492 858 574 918 Iuni
593 858 712 918 doutem
730 858 910 942 novissimae
922 857 1031 918 Isidori
1048 859 1182 919 editionis
1202 879 1311 922 eeusu·

183 987 247 1028 rum
266 969 381 1028 diurnis
400 968 574 1044 entiquuriis
594 961 689 1029 1837.
710 987 757 1028 ur.
772 961 824 1028 84.
845 962 903 1029 85:
918 963 970 1028 86.
991 968 1133 1028 insertam
1151 971 1311 1031 remittere.

184 1074 273 1138 Certo
287 1078 396 1137 sumus
417 1078 546 1138 oodioem
563 1095 623 1153 quo
641 1097 715 1139 usus
729 1084 774 1138 est
786 1078 919 1139 Isidorus
933 1078 1123 1154 integriorem
1143 1088 1175 1139 et
1194 1080 1312 1159 plurim

183 1205 247 1247 rem
259 1186 353 1247 fuisse
367 1187 516 1248 codicibus
529 1196 645 1265 prester
658 1186 910 1265 Bombergensem
924 1188 1060 1247 omnibus
1074 1182 1121 1268 (r.
1135 1189 1174 1248 ud
1188 1184 1242 1261 34,
1257 1185 1311 1251 35.

184 1292 237 1368 37,
254 1290 352 1374 154),
373 1297 497 1356 subinde
515 1314 608 1357 exeo
628 1299 692 1358 solo
711 1315 800 1358 veras
818 1297 849 1356 in
861 1296 952 1357 Plinii
969 1299 1131 1357 orubionem
1149 1286 1312 1376 scripturus

129 1449 135 1458 .
182 1406 364 1484 recipiendas
383 1405 476 1468 tuisse
494 1401 567 1488 (37,
585 1401 779 1488 meleu),
804 1425 901 1484 neque
925 1415 1024 1468 tumen
1043 1408 1225 1491 poruuptelss
1245 1409 1312 1469 vul·

179 1510 271 1595 geres
284 1515 322 1576 eb
336 1535 371 1576 eo
384 1516 496 1590 abesse,
511 1518 556 1576 uti
569 1517 669 1594 aliquo
681 1518 713 1578 iu
726 1514 793 1578 lobo
806 1518 922 1578 isidoro
935 1536 974 1577 ex
987 1517 1085 1578 Plinio
1098 1518 1312 1579 restituendum

84 1622 90 1635 '
182 1633 231 1687 est
243 1644 361 1688 uerosus
374 1645 431 1705 pro
445 1645 554 1688 erosae.

224 1736 346 1797 Primus
360 1755 427 1813 ego,
444 1743 601 1814 postquem
614 1755 692 1797 unus
705 1737 819 1799 Ulitius
832 1738 872 1797 ed
886 1735 986 1798 Gretii
999 1734 1112 1817 Cyneg.
1127 1733 1202 1798 432.
1218 1719 1316 1814 uuum

182 1847 247 1907 eius
268 1847 366 1908 looum
384 1849 424 1907 sd
437 1845 528 1907 Plinii
545 1844 577 1920 2,
592 1843 665 1908 234.
685 1843 868 1929 adhibuit*)‚
889 1866 962 1908 usus
981 1865 1048 1907 sum
1068 1848 1186 1908 Robrrts‘
1207 1848 1313 1909 Oosuts'

127 1947 129 1952 ¹
185 1956 397 2019 Oribeludeuss's
416 1959 597 2036 deflorutions
616 1960 770 2033 Pliniana,
796 1961 834 2018 de
854 1977 915 2036 que
938 1977 992 2036 per
1013 1957 1172 2018 nonnullos
1193 1958 1309 2018 oodioes

49 2117 55 2127 .
139 2146 144 2155 ι
184 2075 303 2128 servate
322 2067 413 2146 poulo
432 2068 554 2127 uberius
573 2068 783 2146 disputandum
808 2069 934 2129 ridetur.
969 2067 1002 2128 Is
1021 2065 1119 2127 Prior·
1132 2066 1312 2129 Oxouiensis

184 2177 303 2238 sesoulo
316 2175 393 2236 XII.
408 2184 501 2236 totum
515 2177 605 2237 Plinii
618 2180 785 2239 naturalem
803 2179 953 2239 historiam
967 2180 999 2238 in
1011 2196 1120 2239 novem
1132 2177 1230 2239 libros
1239 2195 1312 2237 eou-

182 2293 315 2347 truxeret
339 2295 369 2346 et
390 2287 466 2346 hene
489 2287 636 2364 epitomen
658 2263 791 2348 Henrioo
808 2289 852 2348 Π.
876 2289 941 2364 regi
959 2286 1088 2367 Angliue
1112 2287 1311 2347 dediouverut.

183 2394 291 2458 mures
314 2382 395 2472 iiqre
418 2396 527 2473 nege
549 2397 647 2458 huus.
662 2398 729 2459 nuri
753 2399 868 2459 erres
888 2399 919 2458 in
938 2397 1112 2459 Beunnrae
1130 2396 1311 2475 eduenses

147 2581 152 2586 .
184 2513 342 2569 serventur
372 2505 446 2585 (rid.
478 2527 554 2584 quae
584 2508 648 2589 diri
670 2509 702 2568 in
732 2509 844 2569 diurnis
874 2510 1041 2570 soholestio.
1068 2502 1162 2569 1833.
1186 2527 1232 2569 nr.
1257 2502 1311 2568 52.

183 2639 216 2696 p.
230 2612 321 2700 413.)
329 2637 339 2690 ;
362 2636 440 2679 unus
458 2617 542 2693 isque
561 2636 672 2695 magne
691 2620 736 2679 sui
748 2627 833 2698 purte
849 2620 1040 2680 detrunostus
1054 2627 1152 2678 exstet
1164 2619 1196 2679 in
1208 2617 1312 2679 biblio·

183 2729 269 2790 theos
280 2728 512 2808 Gueberbysme
522 2722 568 2811 (v.
580 2727 683 2790 Ebsrt.
698 2729 785 2790 osiel.
798 2729 888 2790 huius
900 2729 1037 2791 brbliotb.
1051 2749 1098 2788 nr.
1111 2722 1212 2809 698),
1227 2727 1323 2788 ouius.

174 2840 348 2918 ‘praefectus
370 2840 554 2900 doctissimus
572 2826 703 2916 mihique
721 2841 915 2901 amicissimus
935 2837 1095 2900 Carolus
1114 2838 1310 2916 Philippus

184 2947 447 3010 Schoenem'eun
473 2948 559 3007 illum
583 2951 725 3008 utendum
744 2951 817 3009 mihi
841 2948 1117 3009 benevolentissime
1138 2947 1309 3009 transmisit.

181 3059 241 3118 Hie
265 3059 373 3131 sodex,
399 3073 476 3116 seeo.
501 3056 591 3117 XIV.
618 3060 814 3135 quadraginta
837 3060 955 3121 duobus
978 3059 1057 3120 foliis
1078 3045 1311 3136 'quadruplicatis

183 3167 320 3244 scriptus,
347 3167 545 3228 deflorationis
564 3170 652 3228 modo
670 3170 761 3230 libros
782 3177 843 3229 tres
863 3171 927 3231 sive
945 3189 1011 3231 esm
1029 3175 1145 3248 purtem
1170 3167 1309 3241 eontinet,

182 3296 243 3355 que
261 3284 327 3336 outo
345 3277 457 3355 priores
474 3278 566 3338 Plinii
584 3279 651 3339 lrbri
669 3280 820 3356 usquead
838 3284 854 3352 ξ
869 3275 942 3342 145.
965 3289 1034 3341 suut
1051 3274 1195 3355 exempti,
1223 3293 1310 3353 pree·

181 3389 271 3449 missu
290 3395 389 3450 vetere
407 3389 497 3449 Plinii
517 3390 579 3450 vitu
600 3385 648 3472 (in
661 3391 730 3451 edit.
744 3389 864 3470 Bipont.
879 3390 918 3453 Τ.
932 3392 959 3451 Ι.
973 3411 1004 3469 p.
1018 3381 1107 3470 XL),
1127 3385 1310 3466 praefatione

90 3572 97 3588 ἱ
182 3497 305 3559 Roberti
321 3501 360 3560 sd
373 3500 536 3561 Henrioum
548 3499 591 3560 Π.
610 3520 710 3579 regem
728 3520 830 3575 menn,
854 3511 888 3562 ut
907 3501 1034 3573 videtur,
1054 3499 1165 3559 soeculi
1183 3495 1308 3558 XVHI.

182 3616 312 3686 mereto,
334 3611 462 3686 denique
482 3612 633 3689 prooemio
651 3614 691 3672 ed
710 3613 861 3685 lectorem,
883 3612 931 3674 oui
944 3611 1019 3672 bueo
1033 3610 1124 3671 verbe
1136 3606 1311 3688 gravissime

181 3721 290 3781 inserta
308 3721 464 3798 leguntur:
490 3718 595 3794 „unu
614 3723 788 3783 omninode
807 3739 874 3781 meo
892 3721 1059 3799 nesporo,
1088 3720 1141 3780 see
1154 3702 1310 3796 'num

182 3833 359 3909 quandoque
377 3831 542 3910 capitulum
561 3831 744 3908 integrumve
763 3832 937 3892 sententium
955 3832 992 3892 de
1010 3832 1099 3892 rebus
1121 3847 1196 3906 ques
1208 3828 1240 3888 in
1253 3845 1310 3887 no·
1435 3837 1438 3840 ’

217 4003 244 4066 *)
261 4007 357 4058 Postea
373 4009 484 4073 cognovi
507 4007 584 4058 etiem
601 4007 795 4072 Delecumpium
812 4008 880 4068 beno
898 4007 1027 4072 epitomen
1044 4007 1193 4073 inspexisse,
1217 3974 1260 4070 qui
1277 4005 1310 4055 sd

184 4093 208 4151 7,
220 4093 260 4140 20.
278 4092 346 4154 §stt
364 4099 495 4157 tamquam
513 4107 527 4142 e
544 4092 574 4143 M
591 4088 629 4154 (r)
646 4091 735 4142 laudet
751 4092 828 4142 verbs
845 4090 900 4141 visu
917 4133 949 4143 ..
969 4099 1064 4154 notare,
1083 4106 1164 4156 esque
1181 4091 1238 4142 solo
1258 4088 1310 4139 hoo

184 4173 266 4238 sopite
284 4182 396 4238 exstor03
414 4176 479 4226 huso
496 4190 556 4227 roro
574 4176 693 4238 legumtur
710 4178 780 4241 spud
797 4176 945 4227 Robertum.
964 4175 1219 4239 edmundum.
