2888 4794
181 303 225 345 Lx
648 284 837 345 1111111111.

225 453 351 513 Praeter
368 452 425 512 hos
444 470 515 511 vero
536 453 650 513 codices
670 454 754 529 siglis
774 451 950 531 significatos
971 470 1031 512 non
1050 452 1211 513 omittenda
1226 462 1311 513 eraut

183 570 323 640 excerpta
332 581 371 622 ex
380 561 446 620 aliis
458 548 604 622 codicibus
618 582 637 622 a
650 562 786 640 pluribus
802 563 872 622 viris
887 564 991 636 doctis,
1006 563 1051 623 uti
1064 563 1208 636 Barbam,
1223 562 1308 622 Rhe·

182 690 270 745 nano,
286 669 420 745 Gelonio,
437 670 594 746 Salmasio,
606 673 778 746 Rezzonico‚
790 673 901 749 Zoega,
913 673 989 745 aliis,
1001 672 1102 745 111111,
1114 674 1308 750 1111111111-

184 782 264 841 visse
278 781 428 840 nonnullis
442 782 535 858 primo
550 782 666 856 quidem
682 784 786 842 obtutu
800 785 928 843 otiosum
948 784 996 843 111
1009 783 1106 860 potius
1127 800 1309 860 supervaca-

182 909 271 949 neum
290 891 450 964 videbitur,
472 910 539 950 cum
560 893 667 968 partim
689 900 766 952 certe
785 895 816 952 in
836 894 977 953 editiones
998 893 1111 952 dudum
1129 900 1258 970 recepta,
1273 900 1308 951 11

184 1001 279 1060 denuo
293 1001 477 1072 afferrentur,
492 1000 643 1076 postulare
657 1021 716 1060 non
730 1003 909 1063 viderentur.
931 1001 975 1062 At
984 1003 1113 1081 primum
1123 1003 1192 1062 inde
1203 1004 1310 1062 clarius

185 1118 318 1189 apparet,
345 1110 491 1186 quomodo
515 1110 603 1169 lectio
628 1112 751 1189 vulgata
771 1113 907 1186 1111111,
934 1113 1004 1189 quia
1024 1112 1070 1171 illi
1090 1113 1147 1172 viri
1161 1112 1248 1186 docti,
1264 1114 1309 1170 uti

184 1221 347 1293 Barbarus,
362 1218 535 1291 Rhenanus,
551 1217 702 1312 Gelenius,
725 1223 840 1281 codices
855 1241 925 1281 suos
940 1222 978 1280 ad
992 1222 1188 1281 amandandus
1208 1241 1311 1282 corrn-

84 1376 90 1391 ,
184 1339 251 1409 ptas
269 1331 375 1406 quibus
393 1336 457 1388 tum
476 1331 632 1389 utebantur
651 1332 790 1390 editiones
812 1332 1003 1403 adhibebant3
1025 1333 1130 1390 deindo
1150 1323 1310 1410 (quidquid

186 1440 241 1499 viri
260 1442 298 1499 ob
318 1440 472 1499 brevitatis
492 1440 622 1499 studium
643 1442 728 1500 aliter
749 1441 907 1500 sentientes
930 1441 1213 1514 1111111111111111,
1242 1460 1309 1500 cum

185 1557 265 1610 certe
290 1549 395 1608 scirem
414 1550 488 1608 alios
509 1567 615 1609 rursus
635 1568 749 1609 mecum
772 1569 837 1610 osse
858 1550 1011 1628 sensuros)
1037 1552 1068 1611 111
1096 1552 1221 1610 editione
1240 1569 1311 1611 moa

186 1660 286 1719 omnia
300 1659 477 1734 coniungere
490 1658 562 1717 mihi
572 1660 749 1718 destinatum
759 1660 825 1733 11111,
837 1679 913 1736 quae
922 1662 990 1720 indo
1001 1661 1131 1738 oprimis
1141 1668 1311 1720 renatorum

185 1769 351 1828 litterarum
364 1768 551 1845 temporrbus.
560 1785 654 1844 usque
673 1769 712 1827 ad
731 1770 807 1828 hanc
827 1778 952 1831 aetatem
965 1771 996 1829 in
1009 1768 1108 1829 Plinio
1128 1773 1310 1830 emendando

186 1888 256 1938 sunt
269 1879 418 1955 praestita,
434 1896 523 1952 quam
538 1881 575 1937 ob
590 1897 652 1937 rem
666 1878 719 1937 illa
734 1890 873 1957 excerpta
886 1899 963 1940 nuuc
978 1880 1040 1940 lere
1050 1881 1166 1940 inutilia
1177 1883 1312 1940 omittere

188 2007 247 2047 non
262 1974 414 2060 debebam,
430 2006 498 2046 cum
514 2005 552 2045 ex
566 1989 701 2047 omnibus
716 1990 834 2048 demum
848 1990 968 2049 illorum
988 1991 1119 2050 codicum
1139 1990 1312 2049 lectionibus

80 2152 86 2159 .
187 2116 282 2172 neque
296 2117 334 2156 ex
349 2097 470 2172 singulis
484 2097 580 2169 modo,
586 2097 676 2173 paulo
692 2100 798 2158 certius
810 2100 847 2157 do
858 2117 960 2158 eorum
970 2101 1066 2178 pretio
1076 2100 1203 2158 iudicare
1213 2100 1311 2159 liceat.

188 2206 301 2282 Quodsi
320 2207 411 2281 igitur
430 2207 554 2265 lectores
574 2208 725 2282 aliquoties
745 2209 879 2268 1111111111
896 2210 985 2268 eboni
1001 2207 1155 2281 Pliniano,
1175 2210 1226 2268 ubi
1238 2209 1312 2268 nihil

189 2326 343 2394 praeterea
362 2337 399 2376 ex
418 2317 567 2376 codicibus
588 2324 634 2376 111
654 2319 841 2390 adnotatum,
863 2320 977 2379 codices
991 2318 1114 2381 Barbari
1135 2319 1184 2378 vel
1198 2317 1313 2378 Gelenii

190 2427 334 2486 subiectos
349 2426 489 2486 videbunt
503 2445 570 2485 cum
584 2426 641 2487 hoc
654 2427 718 2504 ipso
729 2426 865 2487 lemmate
882 2429 1097 2505 conspirantes,
1119 2428 1226 2488 borum
1242 2429 1312 2487 sori·

191 2543 309 2613 pturam
320 2538 431 2595 dudum
441 2538 472 2594 in
485 2537 659 2595 editiondrus
671 2538 799 2614 vulgatis
809 2557 932 2612 regnare
942 2546 1030 2614 atque
1040 2558 1059 2597 a
1068 2539 1141 2597 meis
1155 2538 1311 2611 codicibus,

191 2664 266 2722 quos
281 2648 431 2706 nominare
444 2648 566 2724 longum
580 2654 652 2720 erat,
668 2648 835 2707 confirmari
852 2648 1028 2722 intelligent.
1054 2649 1092 2707 In
1111 2647 1157 2707 his
1175 2666 1246 2708 vero
1265 2665 1313 2706 oo·

191 2758 303 2817 dicibus
330 2757 508 2836 repetendis,
528 2758 647 2834 quando
673 2775 740 2816 cum
764 2758 828 2816 aliis
851 2757 996 2816 codicibus
1023 2775 1076 2834 per
1106 2757 1183 2832 sigla
1205 2755 1313 2816 notatis

190 2870 413 2944 conveniebant,
432 2871 511 2927 hunc
532 2886 646 2944 semper
665 2886 777 2926 morem
792 2867 918 2939 servavi,
933 2874 967 2926 ut
986 2866 1053 2927 illos
1074 2867 1119 2926 his
1139 2868 1313 2927 subiicerem

190 2984 220 3034 et
232 2978 352 3036 illorum
365 2978 485 3035 nomina
498 2977 582 3034 uncis
598 2976 801 3034 semirotundis
818 2970 889 3056 (-)
903 2975 1097 3049 includerem,
1118 2996 1156 3036 ne
1169 2978 1235 3052 quis
1248 2975 1313 3034 lor-

191 3094 272 3144 tasse
291 3104 344 3162 per
365 3084 569 3159 compendium
584 3085 648 3141 cod.
669 3077 751 3161 (1.1.
774 3079 882 3165 codex)
903 3087 1085 3146 Parisienses
1111 3086 1224 3145 codices
1246 3086 1314 3145 cod

192 3194 352 3268 significari
367 3198 495 3269 putaret.
519 3191 580 3253 Ubi
593 3192 662 3251 illos
677 3193 789 3252 codices
811 3195 891 3253 solos
911 3196 1077 3268 afferebam,
1098 3213 1190 3253 uncos
1211 3196 1315 3272 appin-

192 3321 262 3378 gere
275 3321 336 3361 non
349 3302 407 3360 luit
419 3302 625 3361 necessarium.

233 3411 318 3472 Haec
337 3413 373 3470 de
393 3411 513 3472 familiis
532 3411 665 3472 codicum
684 3432 842 3491 eorumque
860 3415 936 3473 inter
959 3433 992 3473 se
1006 3415 1117 3474 ratione
1129 3413 1283 3487 hucusque
1296 3432 1316 3470 a

193 3539 240 3580 me
260 3521 408 3598 disputata
428 3523 482 3598 qui
501 3523 590 3601 paulo
611 3508 1316 3601 1111111111111111111111111111,’1111111111

193 3633 241 3691 via
271 3632 303 3691 in
331 3632 366 3690 iis
390 3632 506 3691 utendis
532 3633 721 3706 ingredienda
741 3633 846 3704 luerit,
874 3633 962 3692 simul
988 3653 1061 3693 vero
1086 3634 1316 3694 emendationem

193 3741 283 3801 Plinii
296 3761 315 3800 a
328 3741 491 3800 multorum
504 3743 630 3801 aliorum
645 3743 822 3820 scriptorum
843 3742 993 3818 aliquanto
1008 3745 1159 3805 diversam
1173 3761 1237 3803 esse
1250 3719 1316 3819 per-

195 3859 327 3929 spectum
340 3851 470 3924 habebit,
490 3869 550 3927 qua
564 3852 601 3909 de
615 3870 707 3911 causa
726 3853 814 3910 etiam
836 3851 978 3911 lectorem
999 3855 1162 3913 candidum.
1177 3860 1207 3911 11
1225 3856 1315 3913 bene-

195 3962 297 4020 volum
311 3962 361 4036 qui
374 3961 508 4021 editionis
523 3981 606 4021 meae
625 3962 764 4020 volumen
778 3962 908 4037 primum
927 3963 1058 4023 iudicare
1072 3966 1155 4038 vult,
1177 3962 1317 4024 volumen

196 4071 331 4145 quintum
351 4072 482 4148 proximo
500 4079 669 4132 secuturum
683 4080 717 4131 ut
731 4079 882 4149 exspectet
897 4082 1036 4149 rogatum
1050 4075 1130 4135 volo.
1151 4074 1212 4133 Per
1224 4073 1316 4132 Bam-

196 4184 368 4256 bergensem
387 4183 495 4243 scilicet
516 4184 645 4244 codicem
664 4191 813 4259 repertum
834 4183 928 4241 omnis
949 4186 1086 4245 tractatio
1108 4185 1208 4245 critica
1227 4182 1318 4242 Plinii
